1676 3045
1359 127 1415 187 89

92 257 299 311 idemque
337 270 365 297 a
394 267 525 296 sensu
560 252 603 295 h.
640 249 727 292 loci
753 249 999 292 abhorrere
1039 255 1188 290 censet
1213 243 1413 300 Bergius.

94 327 308 368 ποιεῖσθαι
327 336 410 381 pro
433 322 629 377 εἰρῆσθαι
652 320 720 363 El.
742 319 912 363 Victor.
951 318 1051 360 Vet.
1076 318 1291 371 Interplut
1324 311 1419 354 dici

94 400 141 435 et
153 390 295 449 fieri,
328 399 380 434 ut
397 399 641 443 utrumque
656 385 809 442 legisse
832 387 1051 428 videatur.
1092 382 1328 429 Difficilior
1347 381 1418 421 lo-

96 475 173 501 cus
195 468 282 508 est,
317 460 372 503 ad
398 473 530 515 quem
553 462 657 497 nota
679 463 743 496 est
760 454 988 510 Zwingeri
1018 453 1073 494 de
1102 453 1320 494 varietate
1350 448 1421 491 le-

95 527 271 578 ationis,
298 527 496 582 itemque
519 521 750 582 Giphanii,
779 521 868 569 sed,
892 529 942 563 ut
961 520 1073 562 mihi
1090 519 1270 575 quidem
1291 516 1420 571 xgide-

101 604 190 648 tur,
222 611 314 637 non
337 594 442 639 satis
477 593 683 639 distincte
712 589 1046 649 explicantium.
1086 586 1259 644 Quodsi
1287 584 1423 640 igitur

95 662 155 719 μή
184 661 476 713 retinebitur,
506 661 577 704 hic
596 674 746 702 sensus
770 658 974 705 exsistet:
1007 670 1135 714 posse
1155 655 1240 696 hoc
1263 653 1316 694 ab
1336 652 1424 693 ali-

98 745 188 787 quo
219 729 449 772 Aristoteli
480 728 639 783 objici,
678 742 769 770 non
797 727 852 768 de
881 725 1004 769 omni
1030 726 1132 777 illo,
1173 722 1288 779 quod
1318 718 1424 762 boni

97 813 265 841 nomen
294 798 479 849 habeat,
525 796 760 837 Platonem
789 783 995 837 statuisse
1025 792 1168 842 ideas,
1226 790 1303 832 sed
1333 803 1426 830 non

98 865 188 909 nisi
206 865 261 906 de
279 865 354 919 iis,
386 878 501 919 quae
522 878 604 919 per
625 879 670 905 se
689 863 777 905 sint
794 863 923 907 bona.
981 861 1136 915 Neque
1159 860 1269 900 haec
1289 857 1427 900 verba

99 933 170 976 ὃιοῖ
197 932 246 977 τό
277 932 334 987 μή
362 936 455 989 περῖ
484 950 601 974 navt.
631 931 758 986 ιῖγαθ.
790 931 880 972 ullo
911 928 1045 970 modo
1065 927 1119 968 ad
1141 926 1429 969 Aristotelem

101 1000 265 1044 referri
287 1008 495 1058 possunt:
527 1000 562 1043 is
585 999 702 1044 enim
724 999 814 1052 jam
834 1012 972 1055 supra
992 997 1044 1038 de
1068 994 1275 1037 omnibus
1298 993 1431 1033 rebus

100 1068 230 1112 bonis
259 1070 553 1120 disseruerat,
586 1074 628 1108 et
647 1066 701 1107 de
728 1066 806 1116 iis,
845 1081 956 1120 quae
973 1080 1055 1122 per
1083 1079 1128 1105 se
1146 1070 1249 1106 sunt
1269 1061 1431 1111 bonae,

103 1145 149 1181 et
180 1138 235 1179 de
263 1137 340 1190 iis,
378 1151 493 1191 quae
520 1133 700 1178 nonnisi
727 1148 811 1191 ope
842 1133 1043 1174 aliarum.
1104 1131 1181 1177 Sin
1202 1137 1351 1172 autem
1375 1125 1436 1181 μή

102 1204 341 1257 deleveris,
371 1204 446 1246 hic
469 1203 556 1246 erit
572 1217 750 1244 sensus:
782 1216 873 1242 esse
895 1201 949 1243 ab
970 1199 1211 1243 Aristotele
1233 1197 1287 1240 de
1307 1194 1435 1239 omni

102 1273 220 1316 bono
249 1272 345 1315 sine
378 1272 470 1315 ullo
503 1269 758 1313 discrimine
788 1268 1138 1326 disputationem
1158 1266 1432 1315 institutam,

103 1341 232 1396 quasi
253 1342 310 1384 ad
329 1340 482 1383 omnia
500 1339 625 1380 ideae
641 1337 940 1395 pertinerent,
971 1351 1092 1378 nunc
1112 1343 1265 1377 autem
1289 1333 1434 1392 perti-=

103 1422 213 1450 nere
236 1424 308 1450 eas
332 1408 515 1458 nonnisi
539 1407 594 1450 ad
616 1422 693 1459 ea,
742 1420 856 1462 quae
876 1419 957 1462 per
981 1420 1027 1447 se
1047 1412 1195 1446 essent
1213 1402 1343 1444 bona.

219 1477 358 1533 λέγοιτ’
385 1479 434 1520 ἂν
461 1477 513 1521 τοὶ
541 1473 695 1531 οἷγαθά.
727 1499 784 1507 -
843 1474 1022 1529 Reliqui
1055 1488 1211 1517 omnes
1242 1467 1434 1524 τάγαθά;

104 1545 197 1589 NC.
217 1547 315 1589 Vet.
344 1548 431 1591 Int.
452 1541 649 1602 τάγαθόν.

221 1613 274 1657 Β.
307 1614 411 1657 ὥστε
437 1611 611 1666 μάταιον
641 1612 756 1654 ἔσται
783 1608 831 1655 zo*
858 1611 975 1659 εἶδος.
1007 1634 1061 1641 -
1092 1609 1186 1666 Qui
1204 1607 1340 1651 latine
1363 1606 1438 1647 in·-

106 1680 344 1738 terpretati
372 1688 479 1724 sunt
506 1681 585 1722 hos
613 1679 773 1729 libros,
800 1679 922 1722 hunc
951 1679 1113 1729 locum,
1146 1693 1247 1720 cum
1266 1676 1369 1723 εἶδος
1393 1680 1438 1715 et

109 1751 224 1791 ἰδέαν
253 1764 345 1791 11011
376 1747 730 1802 distinguerent,
771 1748 888 1792 male
915 1753 1193 1803 acceperunt.
1255 1742 1303 1786 Si
1324 1745 1438 1793 ἰδέα,

110 1815 286 1870 inquit,
337 1816 649 1874 complectitur
679 1831 813 1857 omne
842 1831 924 1872 per
967 1830 1014 1856 se
1050 1814 1244 1863 bonum,
1296 1824 1441 1866 neque

110 1883 361 1939 quidquam
381 1882 486 1925 boni
506 1892 571 1926 est
590 1891 770 1941 praeter
789 1883 976 1926 eandem
991 1915 1004 1935 ‚
1043 1883 1149 1938 quid
1173 1890 1279 1923 tunc
1302 1877 1445 1924 facia-

112 1965 213 1992 mus
232 1952 358 1994 effla?
388 1952 614 1995 Nimirum
636 1960 881 2007 utrumque
903 1950 1173 1994 vocabulum
1194 1948 1313 2004 apud
1337 1947 1445 1987 Pla·-

112 2027 270 2065 tonem
299 2019 348 2061 in
376 2020 462 2062 1100
491 2033 657 2074 genere
676 2020 881 2065 occurrit.
942 2020 1087 2064 Lusus
1105 2016 1239 2073 igitur
1258 2015 1443 2071 quidam

113 2086 219 2129 huic
237 2089 336 2131 loco
354 2089 497 2138 inest3
518 2095 570 2129 ut
588 2088 659 2128 leo
681 2088 920 2143 aliquando
942 2088 1092 2129 risisse
1113 2085 1330 2127 videatur-

227 2160 523 2211 ἐπιφαίνεσθαι
542 2169 624 2211 pro
644 2159 919 2210 ἐμφαίνεσθαι
939 2156 1106 2201 Victor.

233 2224 280 2269 C.
311 2225 398 2269 Pro
423 2227 645 2279 ψιμμυθίῳ
681 2238 740 2266 ex
769 2222 1030 2268 Schneider.
1052 2228 1292 2278 praecepto
1312 2220 1444 2273 (Lex,

116 2291 200 2334 Gr.
221 2292 301 2333 sub
316 2294 384 2344 v.)
407 2292 695 2336 scribendum
719 2292 802 2333 erit
821 2295 1025 2347 ψιμυθιίῃ.

233 2359 318 2408 πῶς
339 2353 391 2410 ὃῆ
409 2361 578 2415 λέγεται.
609 2359 897 2415 Paraphrast.
912 2360 1011 2402 vet.
1031 2359 1200 2416 Interp.
1221 2357 1444 2414 Argyrop.

118 2428 316 2483 λέγονται.
375 2427 486 2470 Mox
504 2443 587 2486 pro
609 2428 688 2485 ἄρα
707 2444 750 2482 γε
771 2427 1055 2471 scribendum
1075 2425 1155 2484 ἆρά
1174 2443 1240 2483 γε,
1273 2432 1448 2468 mutato

120 2502 321 2541 accentu.

235 2565 291 2621 τῷ
321 2563 387 2620 ἀφ’
414 2562 504 2616 ἑνός
530 2564 647 2609 εἶναι.
679 2564 842 2611 Ven.1.
871 2566 970 2613 Bas,
997 2565 1059 2623 ἐφ’
1080 2564 1180 2618 ἑνός.
1212 2562 1323 2606 Mox
1345 2577 1448 2603 (5³:1¹-
