1676 3045
176 686 352 744 Lipsiae
383 687 600 729 sumtibus
629 685 860 729 Librariae
876 685 1138 728 Hahnianae
1154 698 1303 741 nuper

589 755 877 814 prodierunt:

80 873 140 909 Pr.
157 871 286 920 Vigeri
305 871 348 905 de
365 870 575 917 praecipuis
593 882 737 917 graecae
751 867 928 903 dictionis
949 868 1157 903 idiotismis
1169 866 1276 902 liber.
1303 867 1401 901 Cum

129 919 338 953 animadve]
348 916 516 951 sionibus
548 918 660 949 IIenr.
702 916 949 963 Hoogeveeni
963 941 972 956 ,
1006 917 1064 952 Jo.
1091 914 1174 948 Car.
1204 913 1339 947 Zennii
1366 924 1401 946 et

127 966 224 999 God.
240 964 459 998 Hermanni.
482 962 610 997 Editio
629 961 788 996 secunda
802 962 945 995 auctior
964 970 999 994 et
1015 959 1259 994 emendatior.
1283 960 1403 1003 gumi.

127 1019 227 1056 1815.
1245 1015 1267 1048 5
1282 1006 1405 1041 Rthls.

177 1084 450 1119 celeberrimus
481 1082 602 1117 editor
622 1082 964 1117 animadversiones
984 1081 1103 1129 priori
1126 1081 1284 1115 editioni
1302 1081 1406 1115 addi-

178 1140 232 1164 tas
262 1132 301 1165 in
321 1130 390 1164 hac
404 1130 532 1163 iterata
550 1142 627 1163 non
648 1129 772 1165 solum
794 1129 997 1163 maximam
1018 1139 1164 1175 partem
1178 1129 1405 1169 retractavit,

177 1176 242 1210 sed
271 1176 382 1210 etiam
411 1175 541 1210 multis
570 1177 681 1211 novis
707 1176 822 1209 anxit.
870 1175 1034 1210 Accessit
1060 1185 1234 1209 notarum
1258 1176 1410 1220 Appen-

175 1222 260 1263 dix,
288 1236 379 1269 qnae
408 1220 672 1264 complectitur
702 1222 838 1269 partim
866 1235 923 1255 res
955 1221 1119 1255 maxime
1145 1220 1407 1255 memorabiles

176 1267 359 1315 excerptas
376 1282 393 1302 e
407 1268 545 1303 libellis
565 1269 773 1303 Hermanni
794 1268 938 1315 aliquot
958 1267 1177 1302 academicis
1196 1268 1409 1313 argumenti

178 1316 433 1362 grammatici,
487 1315 553 1362 qni
592 1328 676 1350 cum
713 1315 961 1352 Vniversitati
997 1313 1207 1348 litterarum
1236 1314 1409 1360 Lipsicae

177 1362 306 1406 scripti
322 1372 461 1403 essent,
490 1363 529 1396 in
550 1375 756 1409 pancorum
780 1361 877 1408 apud
896 1372 1040 1395 exteros
1058 1372 1191 1394 manus
1212 1370 1410 1399 venerunt,

176 1407 313 1454 partim
355 1407 422 1441 alia
458 1421 534 1443 non
561 1422 695 1454 pauca,
745 1407 923 1455 inprimis
955 1407 1136 1453 Syntaxin
1164 1407 1340 1441 Graecam
1368 1406 1411 1440 in

180 1454 396 1488 universum
420 1455 640 1497 spectantia,
677 1467 769 1501 qnae
804 1454 943 1488 tirones
972 1453 1117 1501 egregie
1141 1452 1350 1495 docebunt,
1388 1466 1407 1487 a

177 1500 398 1535 doctoribus
418 1500 618 1549 diligenter
640 1500 910 1548 expendentur.

85 1574 349 1621 Xenophontis
379 1588 470 1622 quae
499 1585 661 1616 exstant,
689 1588 734 1608 ex
749 1574 933 1610 librorum
958 1574 1188 1621 scriptorum
1206 1572 1277 1606 fide
1296 1582 1331 1606 et
1353 1572 1410 1607 vi-

130 1633 259 1655 rorum
289 1621 481 1656 doctorum
516 1621 743 1655 coniecturis
779 1620 966 1655 recensuit
997 1631 1034 1654 et
1063 1620 1330 1666 interpretatus
1355 1629 1410 1654 est

128 1669 188 1704 Jo.
213 1666 369 1701 Gottlob
388 1667 600 1702 Schneider.
624 1669 678 1704 VI
699 1667 827 1701 Tomi.
854 1674 877 1710 3
896 1667 983 1711 maj.
1007 1673 1106 1709 1815.

176 1741 517 1775 praestantissimus
541 1739 786 1774 Schneiderus
806 1752 890 1774 cum
904 1739 1095 1787 Opuscula
1108 1739 1272 1781 politica,
1289 1741 1413 1787 Eque-

177 1786 267 1821 stria
291 1798 326 1820 et
346 1787 524 1824 Venatica
544 1798 644 1820 nunc
664 1786 842 1827 ediderit,
865 1786 1034 1820 absoluta
1056 1796 1108 1821 est
1125 1786 1412 1821 Schneideriana.

176 1833 541 1880 Xenophontem-um
577 1831 762 1866 librorum
795 1832 924 1868 editio.
974 1833 1076 1878 Quae
1104 1843 1147 1866 ut
1170 1845 1239 1879 pro
1265 1833 1411 1881 integra

176 1879 440 1926 Xenophontis
468 1878 635 1912 editione
662 1877 790 1911 haberi
825 1879 974 1924 emique
993 1888 1128 1924 posset,
1155 1888 1324 1914 curatum
1354 1890 1410 1914 est

177 1926 289 1959 etiam
316 1925 426 1959 novis
454 1923 597 1965 titulis,
624 1934 748 1958 tomos
777 1923 1051 1966 indicantibus,
1079 1924 1317 1960 excudendis.
1366 1928 1412 1960 In

176 1971 235 2024 h.i⁸
264 1971 379 2006 tomis
409 1968 604 2018 Opuscula
620 1969 692 2016 villa
719 1980 867 2004 sextum
899 1982 1060 2018 eumque
1079 1981 1313 2019 postremum
1331 1972 1412 2007 effi-

175 2027 292 2053 ciunt.

84 2092 257 2140 Virgilii,
290 2091 396 2127 Publ.
435 2092 624 2133 Maronis,
661 2090 785 2138 Opera
819 2091 858 2126 in
890 2091 1059 2126 tironum
1090 2092 1247 2139 gratiam
1275 2105 1412 2140 perpe-

132 2149 193 2172 tna
219 2139 459 2173 adnotatione
487 2138 598 2172 novis
629 2139 729 2172 curis
756 2136 936 2173 illustrata
957 2151 974 2171 a
997 2138 1084 2172 Chr.
1104 2138 1223 2174 Gottl.
1243 2140 1410 2185 Heynio.

130 2185 260 2221 Editio
281 2196 408 2234 quarta
425 2184 658 2220 emendatior
678 2194 714 2219 et
730 2183 972 2232 locupletior.
998 2194 1021 2218 2
1040 2184 1141 2222 Voll.
1164 2185 1411 2265 &maipzffiilffi

1246 2238 1268 2274 4
1324 2241 1336 2265 t
1350 2244 1364 2264 1
1382 2244 1412 2266 r.

175 2306 306 2341 Novae
331 2306 444 2342 huius
476 2305 678 2347 editionis,
704 2303 918 2339 scholarum
937 2303 1067 2339 usibus
1088 2304 1248 2346 dicatae,
1282 2318 1411 2340 curam

179 2353 339 2398 suscepit
367 2352 696 2391 Wunderlichins,
721 2350 911 2385 Professor
937 2350 1158 2385 Academiae
1189 2352 1412 2399 Gottingen-

179 2399 251 2440 sis,
279 2399 393 2446 idque
417 2399 535 2446 ipsius
564 2397 727 2438 Hevnii,
755 2409 841 2431 cum
873 2395 996 2431 adhuc
1015 2396 1054 2431 in
1074 2397 1176 2431 vivis
1194 2408 1298 2441 esset,
1326 2410 1414 2432 con-

178 2443 265 2478 silio
285 2455 320 2479 et
338 2446 566 2480 auctoritate.
586 2440 689 2491 Quae
703 2453 744 2477 ut
757 2442 990 2477 emendatior
1002 2453 1037 2477 et
1054 2442 1284 2490 locupletior
1300 2443 1410 2491 prod-

176 2493 266 2531 iret,
298 2492 436 2538 partim
463 2504 551 2526 usus
580 2501 633 2526 est
660 2489 803 2524 schedis
832 2489 1060 2535 Heynianis,
1085 2490 1224 2538 partim
1257 2502 1320 2524 sua
1350 2489 1413 2523 ad-

173 2547 313 2572 luunt.

87 2612 237 2647 Horatii
266 2611 386 2646 Flacci
416 2611 551 2659 Opera.
597 2611 798 2646 Recensuit
817 2620 853 2644 et
870 2608 1074 2646 illustravit
1094 2612 1154 2645 Fr.
1175 2608 1290 2644 Gottl.
1310 2609 1412 2644 Doe-

132 2657 227 2701 τὼς.
256 2659 399 2693 'somus
417 2661 447 2693 Ι.
472 2657 602 2694 Editio
623 2656 784 2693 secunda
802 2656 949 2693 auctior
968 2667 1003 2693 et
1019 2657 1261 2692 emendatior.
1289 2656 1411 2700 gmaj.

134 2711 234 2750 ³8¹5·
1107 2716 1124 2737 ι
1148 2700 1271 2736 Rthlr.
1294 2711 1336 2736 12
1353 2713 1408 2749 gr.
