1676 3045
189 270 266 312 ¹70

296 367 522 411 Facillime
542 381 660 408 nunc
673 399 685 419 ‚
718 381 854 422 quum
873 367 1044 409 tamdiu
1065 376 1215 409 vestra
1239 367 1455 424 patientia
1475 369 1558 410 ab-

182 453 286 479 usus
309 437 414 483 sim,
446 437 617 477 laturos
650 436 738 478 Vos
769 436 954 493 opinor,
986 435 1021 476 si
1043 435 1261 491 palaestra
1284 436 1432 477 relicta
1458 452 1557 477 me-

180 504 365 548 lioribus
395 519 466 546 me
496 505 642 546 locum
677 504 834 545 fecero.
879 503 1014 561 Quod
1037 504 1072 544 si
1094 503 1188 559 quis
1210 504 1415 546 Vestrum
1441 504 1558 545 male

181 587 254 615 me
288 589 340 614 eo
372 574 555 614 nornine
588 573 792 630 accipiat,
824 573 942 627 quod
966 573 1139 628 exiguis
1164 573 1428 629 plerumque
1447 571 1556 612 haec

181 641 236 682 de
267 640 549 698 Theopompi
583 640 778 696 epitoma
814 641 1124 682 commentatio
1163 647 1466 697 superstructa
1501 639 1558 680 sit

180 709 498 759 fundamentis,
530 716 581 749 ut
605 708 737 749 meris
759 709 919 766 passim
943 710 1206 764 conjecturis
1226 709 1400 760 innixa,
1432 723 1558 750 com-

178 779 400 833 modeque
420 779 510 819 huc
529 777 770 833 quadrare,
802 792 914 832 quae
934 776 987 818 de
1006 778 1220 818 scalarum
1242 777 1451 833 gradibus
1476 775 1556 817 Ci-

178 847 329 889 ceroni
351 846 424 898 (ad
446 847 545 887 Div.
568 846 642 899 VI,
665 862 701 898 7.
758 846 979 902 scripserit
1002 844 1211 886 Caecina:
1252 845 1286 887 is
1313 861 1387 887 me
1417 844 1557 886 vehe-

178 915 371 957 mentius
390 922 564 956 motum
585 915 652 954 vel
676 914 826 956 animo
849 927 1053 955 casurum
1076 911 1207 954 fuisse
1225 912 1351 966 sciat,
1381 914 1416 954 si
1438 927 1557 954 nova

177 983 289 1026 mihi
327 991 462 1038 atque
501 982 767 1039 necopinato
802 982 1072 1023 accidissent.
1169 981 1299 1037 Quae
1335 990 1555 1038 quatenus

177 1051 269 1108 ipse
296 1051 380 1093 sim
406 1051 729 1103 calumniatus,
790 1051 937 1106 queve
977 1065 1065 1091 non
1092 1049 1186 1090 sine
1214 1050 1374 1092 idonea
1402 1065 1554 1092 caussa

175 1118 343 1160 veritus
363 1119 445 1160 sim
461 1152 471 1171 ,
503 1119 715 1162 Vestrum
736 1134 858 1160 nunc
879 1126 943 1161 est
970 1118 1208 1173 judicium,
1250 1118 1457 1161 benevoli
1483 1119 1554 1161 le-

176 1195 336 1229 ctores.
397 1187 549 1230 Valete
570 1195 705 1243 atque
726 1184 889 1228 favete.

269 1371 427 1405 Manutio
453 1371 496 1403 ad
521 1370 593 1404 Cic.
621 1383 674 1414 ep.
702 1370 745 1403 ad
768 1370 848 1404 Div.
868 1370 929 1408 IV,
952 1383 984 1403 2.
1009 1383 1085 1414 pag.
1106 1371 1183 1404 254.
1208 1370 1261 1404 ed.
1287 1370 1423 1410 Richt.‚
1459 1371 1552 1411 cujus

266 1428 330 1460 ego
354 1417 547 1457 rationem,
579 1417 621 1448 ad
646 1428 766 1460 graeca
791 1415 946 1458 proxime
970 1417 1212 1456 accedentem,
1245 1416 1359 1448 nullus
1385 1416 1552 1456 dubitavi,

266 1462 349 1505 quin
374 1474 484 1494 meam
510 1463 668 1495 facerem.
708 1462 751 1494 cf.
778 1461 820 1493 ad
846 1461 926 1494 Div.
951 1461 1031 1502 XII,
1056 1463 1086 1495 5.
1112 1462 1208 1494 Idem
1233 1462 1369 1494 obtinet
1392 1461 1428 1494 in
1453 1460 1551 1493 Orat.

264 1518 329 1550 pro
354 1507 401 1539 M.
428 1507 551 1539 Coelio
580 1518 651 1550 cap.
680 1507 783 1539 XIX.
828 1507 900 1539 Sed
924 1507 1060 1549 inerat,
1095 1508 1169 1540 nisi
1193 1520 1246 1540 me
1268 1513 1418 1552 propter
1446 1506 1551 1540 beni-

266 1550 467 1586 volentiam
488 1552 596 1596 sorte
617 1551 809 1597 fallebat,
844 1555 951 1586 ratio.

389 1622 463 1654 Jam
490 1622 572 1654 satis
598 1628 674 1661 est;
721 1633 764 1653 ne
790 1632 844 1653 me
869 1611 1171 1666 Crispini'scrinia
1194 1621 1279 1665 lippi

391 1665 606 1713 Compilasse
631 1675 751 1717 putes,
792 1667 938 1701 verbum
961 1680 1034 1704 non
1057 1670 1202 1712 amplius
1226 1668 1360 1704 addam.
