1676 3045
272 146 352 191 108

488 255 826 306 transsationem
847 260 1058 317 latinam,
1091 277 1227 320 quam
1259 265 1514 309 Schneider.
1549 267 1596 309 in

485 333 677 391 praefat.
710 331 765 373 ad
793 331 972 374 edition.
1006 332 1218 374 historiae
1237 334 1415 378 animal.
1442 337 1597 378 vindi-

485 402 605 443 cavit
627 401 854 443 Guilelmo
877 401 931 442 de
951 401 1469 454 Mox-bekaBrabantino,
1489 419 1597 446 ver-

483 467 592 512 bum
619 469 759 511 verbo
782 469 1068 522 reddentem,
1112 472 1235 525 cujus
1266 472 1446 527 quidem
1475 480 1519 512 et
1548 473 1596 513 in

482 537 553 583 his
578 538 702 580 libris
725 539 1017 580 emendandis
1037 541 1205 581 multus
1230 548 1294 581 est
1323 556 1439 582 usus.
1499 540 1594 595 Ego

489 608 543 650 ad
589 622 744 649 manus
785 606 921 648 habui
957 606 1073 648 hanc
1111 609 1375 650 editionem:
1421 610 1596 650 Textus

483 677 733 718 ethicorum
755 675 991 716 aristotelis
1021 676 1073 716 ad
1100 675 1459 732 nychornachum
1483 678 1596 732 jux-

479 752 523 786 ta
538 745 763 798 antiquam
777 743 961 784 translat
972 742 1116 785 ionem
1132 758 1234 785 cum
1246 739 1594 786 familiarissimo

479 814 529 856 1⁰11
553 812 745 854 eundem
775 812 1110 853 commentario.
1144 811 1322 853 Parisiis
1353 815 1470 870 1509.
1495 812 1532 854 8.

257 883 532 942 Argyropyli
564 880 804 930 versionis,
861 895 994 935 quae,
1047 895 1151 922 cum
1189 896 1279 921 uon
1322 888 1412 921 tam
1444 895 1594 937 presse

478 965 686 1008 graecum
722 957 900 990 textum
933 956 1168 1003 sequatur.
1228 950 1330 1006 plus
1361 949 1417 989 ad
1449 950 1594 990 inter-

477 1019 797 1078 pretationem,
818 1033 951 1073 quam
975 1017 1029 1058 ad
1050 1017 1248 1059 criticam
1265 1017 1484 1059 rationem
1509 1034 1592 1058 va-

477 1089 563 1137 let,
604 1102 709 1128 usus
739 1101 837 1128 sum
872 1085 1065 1127 editione
1086 1087 1375 1142 Lugdunensi
1407 1086 1488 1127 hac
1516 1086 1592 1127 iu-

475 1156 746 1212 scriptione:
806 1154 1074 1196 Ethicorum
1104 1154 1328 1196 Aristotel.
1365 1155 1418 1195 ad
1455 1155 1592 1197 Nico-

477 1224 625 1268 mach.
659 1223 756 1265 libri
786 1222 941 1264 decem
971 1223 1245 1279 Argyropilo
1284 1224 1486 1266 Bizantio
1518 1224 1591 1264 in?—

476 1300 676 1350 terprete
718 1306 823 1333 cum
853 1290 1004 1334 Jacobi
1030 1291 1167 1334 Fabri
1196 1291 1473 1348 Stapulensis
1504 1309 1589 1334 an-

474 1361 800 1405 notationibus.
901 1359 1037 1418 Apud
1099 1360 1312 1402 haeredes
1379 1360 1586 1403 Simonis.

473 1429 752 1473 MDXXXV.
781 1428 820 1470 8.
