1676 3045
1341 244 1362 284 '1
1373 238 1426 298 75

58 367 188 409 deae:
225 361 274 407 w*
307 363 443 419 δρᾶμα
475 361 587 404 δοκεῖ
611 358 917 415 ὑποβαλέσθαι,
967 359 1021 409 ω’ς·
1048 358 1299 413 Δικαίαρχος
1337 349 1432 410 mo?

56 436 126 476 τοῦ
153 429 346 481 Ἑλλάδος·
376 433 482 485 βίου.
549 429 762 483 Magnum
796 435 1024 485 praeterea
1051 440 1292 469 numerum
1320 422 1432 465 scri-

57 509 239 558 ptorum
259 496 519 542 Dicaearchi
544 496 661 553 apud
692 495 949 537 Ciceronem
980 503 1022 536 et
1048 495 1324 537 Athenaeum
1358 492 1432 533 in-

57 569 287 619 venimus,
320 567 373 608 de
398 565 555 620 quibus
577 563 802 620 sigillatim
825 578 1026 619 agerem,
1057 563 1289 615 (laborant
1310 560 1433 601 enim

57 637 276 679 nonnulla
307 633 495 690 quadam
525 630 847 688 interpretandi
879 629 1174 686 difficultate)
1213 629 1295 670 nisi
1323 627 1434 670 aliea-

57 718 169 746 num
191 703 263 744 hic
283 709 395 742 esset
417 715 441 741 a
462 714 562 742 meo
582 699 785 741 instituto
806 707 847 740 et
869 700 1157 757 prolixiorem
1176 694 1437 753 disputandi

58 774 205 815 locum
223 770 303 811 sibi
324 769 590 824 deposceret.
639 767 838 809 Eandem
859 769 915 810 ob
935 784 1112 810 eausam
1135 766 1247 808 nihil
1268 765 1321 806 de
1339 764 1435 805 vita

56 841 194 898 ipsius
218 837 409 879 auctoris
429 850 663 891 exponam,
695 837 770 878 sed
795 837 999 878 continuo
1025 837 1079 878 ad
1102 834 1318 884 libellum,
1359 847 1436 874 re-

59 922 160 948 cens
182 921 300 947 nunc
321 904 489 946 editum
504 936 514 955 ,
546 919 620 944 me
642 913 913 947 convertam.
972 905 1150 947 Primus
1171 918 1272 944 eum
1298 900 1438 943 edidit

58 974 121 1018 H.
141 974 400 1031 Stephanus
423 976 455 1022 ¹)
485 971 659 1013 Parisiis
689 972 805 1029 ¹59⁰·
829 972 896 1025 8.,
927 973 1000 1028 qui
1023 973 1184 1026 (LVI,
1205 970 1268 1011 14.
1293 969 1436 1011 Sche-

60 1042 243 1095 diasm.)
286 1042 377 1096 ejus
415 1040 614 1081 codicem
656 1055 710 1081 ex
750 1040 874 1082 Italia
916 1057 940 1083 a
979 1041 1205 1083 Matthaeo
1243 1038 1438 1088 Etutam,

61 1109 294 1152 Guilielmi
325 1108 493 1150 Budaei
517 1107 629 1160 filio,
672 1109 855 1150 allatum
890 1108 1019 1161 dicit3
1050 1116 1201 1165 postea
1223 1107 1285 1150 D.
1306 1105 1437 1148 Hoe-

60 1178 263 1218 schelius
293 1176 342 1217 in
371 1175 565 1218 editione
595 1175 1004 1232 Geographicorum
1038 1178 1287 1232 (Augustae
1304 1173 1438 1218 vind.

62 1245 206 1295 1600.)
236 1244 440 1301 repetiit,
473 1243 630 1285 additis
652 1243 786 1283 variis
816 1243 1078 1284 lectionibus
1107 1259 1130 1283 e
1163 1243 1286 1284 codd.
1321 1242 1441 1284 Her-

58 1312 246 1364 vuortii‚
278 1311 478 1353 Palatino
510 1319 552 1352 et
583 1308 853 1362 casauboni,
886 1325 1078 1365 quorum
1109 1311 1197 1352 duo
1225 1309 1442 1367 postremi

59 1380 137 1421 ubi
157 1396 278 1421 nunc
302 1380 411 1432 sint,
442 1379 602 1421 nescio.
660 1377 913 1420 Palatinum
945 1377 1056 1420 vidit
1085 1394 1264 1434 quoque
1283 1377 1441 1420 Lucas

61 1448 334 1491 Holstem'us
364 1447 500 1498 (conf.
522 1445 730 1489 Bredovii
750 1447 864 1503 Epp.
887 1445 1022 1488 Paris.
1042 1462 1086 1503 p.
1117 1447 1220 1499 14.);
1252 1452 1442 1489 alterum

62 1518 98 1560 J.
123 1517 317 1570 Scaliger
333 1547 345 1568 ‚
376 1529 400 1554 a
424 1514 623 1555 Puteano
647 1522 876 1569 acceptum
892 1547 903 1566 ‚
945 1514 1212 1556 Casaubono
1234 1530 1443 1556 commu-

61 1583 303 1634 nicaverat‚
324 1582 437 1639 (vid.
461 1582 555 1635 ejus
576 1582 805 1640 epistolam
827 1582 927 1622 edit.
940 1581 1128 1623 Hoesch.
1152 1582 1444 1638 praefixam„

62 1651 324 1695 Hervuortii
359 1649 550 1705 denique
578 1650 662 1691 Ms.
699 1665 800 1691 cum
850 1649 945 1690 aliis
979 1649 1226 1691 Hoeschelii
1265 1651 1386 1693 libris
1419 1666 1444 1692 e

63 1718 331 1760 bibliotheca
356 1717 531 1775 publica
552 1717 777 1773 Augustae
796 1715 1130 1760 Vindelicorum
1154 1718 1443 1761 Monachiam

65 1787 330 1828 translatum
346 1801 452 1834 esse,
464 1800 565 1826 cum
578 1801 599 1825 e
610 1786 817 1828 Bredovii
831 1786 944 1842 Epp.
957 1788 1004 1826 P.
1018 1802 1058 1842 p.
1071 1786 1111 1827 4.
1125 1787 1444 1841 cognovissem,

65 1854 126 1899 X.
144 1854 420 1912 lVetferzcm
431 1854 687 1909 (immatura
700 1862 844 1896 morte
855 1868 997 1910 nuper
1008 1855 1159 1895 amicis
1171 1854 1258 1895 suis
1272 1862 1309 1895 et
1325 1854 1446 1896 litte-

68 1922 129 1965 ris
143 1925 384 1979 ereptum,)
407 1938 456 1963 eo
475 1921 782 1978 profecturum
801 1921 967 1977 rogavi,
999 1930 1045 1963 ut
1065 1922 1302 1979 inspiceret
1320 1923 1445 1965 codi-

67 2004 159 2031 cem
175 2022 185 2041 ‚
217 1998 282 2039 et,
314 1991 348 2032 si
369 1990 471 2044 quid
496 1989 632 2046 frugis
656 1990 903 2045 reperisset,
935 1990 990 2030 ad
1012 2006 1085 2032 me
1107 1990 1443 2032 transmitteret.

69 2058 214 2099 Facile
245 2057 483 2114 impetravi
515 2057 568 2099 ab
595 2057 776 2098 homine
797 2056 1062 2099 amicissimo
1088 2066 1131 2099 et
1163 2057 1364 2099 fervente
1388 2059 1443 2101 ad

67 2125 175 2167 haec
196 2126 343 2169 studia
370 2126 545 2179 animo,
583 2124 783 2181 mihique
811 2133 1020 2182 excerpta
1045 2125 1165 2168 misit
1185 2126 1343 2168 codicis
1361 2127 1443 2169 No.

123 2339 158 2385 1)
181 2341 279 2373 Hanc
304 2339 493 2373 editionem
517 2350 591 2372 non
617 2339 710 2379 vidi3
736 2340 796 2372 sed
823 2349 898 2373 cum
922 2347 996 2374 tota
1020 2349 1137 2375 recusa
1162 2342 1207 2375 sit
1231 2341 1265 2376 in
1287 2341 1448 2381 Vol-XI.

165 2386 302 2430 Antiqq.
330 2387 452 2418 Graec.
480 2384 670 2425 Gronovii,
704 2397 740 2417 ea
767 2386 978 2429 inspicienda
1004 2388 1227 2430 supersedere
1254 2390 1355 2422 facile
1379 2403 1448 2434 po·-

164 2433 226 2464 tui.
276 2431 382 2464 Multa
408 2430 468 2462 ille
492 2429 631 2473 quidem
656 2430 695 2462 ad
722 2431 962 2463 illustrandum
986 2440 1162 2465 auctorem
1190 2434 1307 2475 utilia,
1331 2434 1445 2470 lectu-

165 2489 232 2522 que
256 2476 403 2518 jucunda
428 2475 654 2517 conscripsit,
687 2476 746 2508 sed
772 2477 895 2508 nimius
922 2484 973 2510 est
998 2490 1245 2521 nonnunquam
1270 2480 1306 2512 iu
1333 2482 1446 2525 expli·

165 2524 283 2555 caudis
308 2522 410 2553 rebus
437 2528 494 2553 aut
519 2521 708 2553 notissimis
734 2527 791 2553 aut
816 2521 991 2555 iutellvctu
1020 2524 1209 2565 facillimis,
1236 2532 1289 2565 et,
1315 2533 1352 2558 ut
1379 2540 1448 2559 no—

167 2575 238 2602 ster
272 2568 337 2606 ait,
380 2569 566 2609 περιέργος
603 2565 649 2611 τῇ
673 2566 793 2608 λαλιᾷ.
841 2566 1049 2605 Subiunctae
1077 2578 1156 2602 sunt
1181 2571 1346 2613 quaedam
1373 2574 1447 2604 Ca-

165 2613 319 2648 saulmm·
344 2615 502 2649 notulae,
547 2618 579 2642 et
606 2612 638 2642 in
665 2611 819 2643 editione
845 2615 1017 2646 Grmzovii
1042 2614 1139 2655 huius
1165 2627 1300 2658 quoquc
1327 2618 1448 2659 conje-

168 2667 302 2696 cturae,
345 2655 550 2700 praelationi
577 2656 756 2688 immistae.
803 2657 847 2689 Et
880 2656 1035 2691 Graevii
1071 2661 1253 2692 nonnullas
1280 2663 1449 2695 emenda-

166 2705 299 2742 tiones,
347 2702 505 2743 exemplo
532 2702 802 2741 Hoescheliano,
848 2704 938 2745 qnod
970 2705 1218 2748 Heidelbergae
1243 2715 1446 2744 asservatum

167 2750 369 2792 adscriptas,
394 2748 431 2779 in
455 2753 612 2779 nostrum
636 2758 735 2780 usum
761 2750 1006 2783 convertimus.
