1676 3045
302 300 306 303 ·
344 287 504 319 Auctam
529 281 838 327 emendatumque
873 280 970 315 hanc
992 279 1200 316 editionem
1227 288 1324 315 vere‘
1342 280 1440 322 dici,
1476 293 1576 315 eom-

344 331 488 379 paratio
519 330 599 364 eius
623 341 708 363 cum
728 329 854 375 priore
874 326 982 362 facile
1003 326 1163 362 docebit.
1218 328 1374 361 Gratum
1403 327 1576 361 addimus

346 375 564 413 doctoribus
595 374 807 410 scholarum
839 375 1040 417 nuntium,
1079 373 1362 415 celeberrimum
1392 374 1576 408 editorem

346 436 450 458 nunc
475 423 517 458 in
553 433 596 456 eo
629 434 728 464 esse,
755 432 798 456 ut
824 420 981 455 alterum
1007 421 1189 456 volumen
1206 419 1354 468 publici
1373 420 1466 454 iuris
1485 432 1577 454 mox

342 470 468 504 faciat.

252 518 438 563 Excerpta
459 515 619 550 Liviana
644 513 706 550 vel
733 513 1034 549 Chrestomathia
1062 513 1241 556 Liviana,
1268 514 1306 546 in
1332 525 1443 546 usum
1470 512 1578 549 seho-

296 563 418 597 larum
435 588 443 603 ,
481 561 692 609 castigatius
719 561 877 608 repetita
905 575 924 594 a
949 560 992 595 C.
1017 562 1060 595 L.
1094 562 1253 594 Bauero.
1302 559 1434 594 Editio
1458 561 1576 598 tertia,

299 609 538 644 emendatior.
565 616 586 652 g
605 609 697 642 min.
718 615 814 651 1313.
1420 620 1433 641 1
1455 605 1580 641 Rthlr.

345 655 585 691 Clarissimus
627 656 814 694 Betucius,
863 655 1001 687 nector
1043 651 1198 687 Scholae
1246 651 1577 701 Hirschbergeusis

344 701 458 748 longe
493 700 778 740 meritissimus,
815 698 946 732 usibus
971 698 1178 732 iuventutis
1207 697 1451 733 scholasticae
1481 701 1576 735 mire

347 746 560 788 consuluit,
595 759 681 780 cum
716 745 806 780 haec
843 758 860 777 e
888 744 1057 791 principe
1082 745 1356 778 historicorum
1387 747 1576 781 Romano-

342 808 429 828 rum
462 802 630 841 excerpta
663 791 906 826 scientissime
932 800 1088 826 curaret.
1135 793 1326 837 integrum
1353 791 1452 825 enim
1471 793 1577 829 Livii

346 853 484 886 corpus
510 849 545 873 et
575 838 695 873 carius
724 837 923 877 venditur,
949 850 1060 884 quam
1079 845 1121 870 ut
1137 837 1375 883 pauperiores
1393 837 1578 885 discipuli

339 887 449 922 facile
478 899 598 920 emere
627 885 794 932 possint,
822 894 856 916 et
875 882 992 917 multa
1015 893 1115 917 tenet
1136 896 1269 929 parum
1294 887 1576 921 accommodata

341 933 405 968 illi
426 932 545 967 aetati.
597 932 770 966 Ceterum
790 930 979 975 insignem
998 941 1076 963 esse
1095 929 1295 963 utilitatem
1318 929 1436 964 huius
1460 932 1575 967 Chre—

343 979 566 1015 stomathiae
604 977 804 1017 Livianae,
856 974 965 1010 etiam
1002 975 1091 1009 hinc
1131 986 1300 1023 apparet,
1352 977 1451 1022 quod
1484 979 1577 1015 duae

344 1027 519 1073 deinceps
548 1023 731 1058 editiones
763 1022 897 1069 cupide
917 1032 1034 1056 emtae
1055 1032 1154 1056 sunt.
1205 1022 1327 1056 Tertia
1360 1024 1448 1058 haec
1477 1039 1576 1060 nova

339 1085 469 1107 rursus
497 1070 645 1105 excellit
668 1080 748 1103 tnui
770 1069 882 1119 pretii
897 1068 1044 1102 vilitate
1062 1078 1140 1102 tum
1162 1081 1293 1115 magua
1314 1070 1576 1118 impressionis

344 1133 451 1160 cura,
480 1131 552 1166 qua
581 1127 730 1150 cautum
762 1116 835 1149 init
855 1129 872 1148 a
892 1115 1035 1149 mendis
1055 1116 1351 1163 typographicis.

249 1167 410 1206 Selectac
445 1178 463 1198 e
501 1163 668 1211 profanis
704 1162 950 1208 scriptoribus
978 1161 1184 1203 Historiae,
1235 1162 1372 1209 quibus
1400 1164 1576 1199 adiuncta

294 1223 384 1250 sunt
417 1211 520 1247 varia
558 1210 714 1243 honeste
743 1208 902 1242 vivendi
929 1219 1131 1256 praecepta.
1183 1209 1322 1243 Denuo
1350 1212 1578 1258 recognovit

293 1271 405 1308 atque
433 1257 554 1291 edidit
573 1257 620 1290 G.
637 1257 686 1289 H.
710 1254 892 1289 Schaefer.
917 1261 940 1297 3
961 1255 1049 1299 maj.
1073 1262 1170 1296 ¹8¹3·
1454 1257 1494 1291 16
1517 1271 1572 1303 gr,

338 1304 499 1342 curavit
532 1315 672 1337 novam
711 1302 805 1336 lianc
836 1301 1040 1335 editionem
1067 1300 1159 1334 libri
1187 1299 1316 1335 usibus
1344 1301 1576 1338 scholasticis

336 1349 725 1388 accommodatissimi
744 1350 788 1383 G.
810 1350 860 1381 H.
879 1346 1096 1381 Schnefems
1109 1373 1117 1386 ‚
1146 1347 1337 1380 Professor
1352 1349 1569 1395 Lipsiensis.

338 1404 375 1436 Is
404 1398 574 1446 primum
595 1395 811 1442 typothetae
829 1405 969 1427 errores
988 1394 1026 1425 in
1046 1393 1232 1440 superiori
1250 1393 1417 1428 editione
1437 1409 1575 1443 magno

338 1456 499 1481 numero
520 1441 657 1476 obvios
679 1440 882 1489 diligenter
901 1440 1074 1473 con-exit.
1123 1439 1273 1473 Deinde
1294 1439 1460 1475 laborem
1484 1443 1577 1477 sub-

338 1493 388 1528 iit
421 1487 628 1524 lectoribus
666 1500 848 1535 perquam
883 1485 1014 1519 utilem
1051 1484 1247 1532 plerosque
1277 1485 1382 1521 locos
1410 1487 1452 1521 in
1481 1488 1575 1535 ipsis

338 1534 588 1584 scriptoribus
601 1560 610 1575 ,
636 1534 737 1567 unde
754 1533 879 1567 hausti
894 1542 980 1566 sunt
992 1559 1000 1573 ,
1030 1532 1257 1565 excutiendi.
1306 1534 1390 1579 Quo
1407 1533 1447 1567 in
1465 1547 1578 1582 nego.

339 1584 397 1620 tio
427 1595 517 1617 usus
552 1590 606 1614 est
634 1579 790 1614 illorum
819 1578 1052 1613 editionibus
1081 1577 1304 1612 novissimis
1332 1580 1576 1627 maximeque

336 1628 518 1679 probatis.
566 1629 696 1673 Itaque
728 1637 918 1672 speramns
955 1625 1052 1666 fore,
1087 1634 1130 1658 ut
1160 1623 1276 1666 liber,
1312 1638 1387 1673 quo
1415 1636 1472 1661 tot
1498 1627 1574 1661 iam

335 1689 403 1726 per
431 1686 546 1709 annos
579 1671 791 1706 scholarum
823 1671 996 1719 magistri
1025 1682 1175 1704 summo
1205 1683 1291 1704 cum
1316 1671 1576 1708 emolumento

338 1724 401 1757 usi
427 1730 536 1761 sunt,
561 1731 676 1766 porro
706 1731 911 1766 puerorum
931 1727 967 1751 et
984 1716 1145 1764 ingeniis
1164 1717 1376 1753 excolendis
1399 1728 1435 1753 et
1451 1720 1577 1756 mori-

338 1769 409 1805 bus
436 1766 644 1802 formandis
674 1765 865 1812 insignem
885 1762 1088 1798 utilitatem
1108 1773 1278 1811 praestet.

390 1933 606 1976 Eiusdem
642 1929 872 1973 Librariae
902 1929 1122 1971 sumtibus
1144 1930 1431 1987 prodierunt:

246 2017 510 2066 Aristophanis
534 2014 665 2051 Nubes
688 2027 775 2049 cum
798 2012 977 2055 Scholiis,
1004 2025 1141 2047 recens.
1167 2023 1203 2047 et
1216 2013 1377 2057 adnotat.
1398 2018 1458 2054 Jo.
1476 2017 1576 2067 Aug.

292 2066 443 2103 Ernesti
482 2075 641 2110 suasque
684 2060 831 2095 addidit
872 2059 969 2095 God.
1005 2061 1255 2095 Hermannus.
1301 2068 1324 2104 8
1349 2064 1436 2108 maj.
1472 2075 1574 2112 1799.

1270 2120 1285 2140 1
1311 2108 1432 2142 Rthlr.
1458 2120 1500 2143 12
1518 2125 1574 2159 gr.

249 2157 459 2197 Aristotelis
489 2156 534 2190 de
557 2152 782 2189 animalibus
808 2151 989 2186 historiae
1016 2151 1108 2187 libri
1133 2153 1180 2187 X.
1209 2154 1346 2188 Graece
1376 2165 1410 2189 et
1429 2156 1576 2193 Latine.

294 2207 460 2241 Textnm
488 2201 696 2242 recensuit,
720 2201 754 2237 J.
785 2199 826 2234 C.
856 2197 1034 2233 Scalioeri
1061 2200 1275 2234 versionem
1304 2200 1577 2242 diligenterre-

296 2250 499 2298 cognouit,
525 2246 841 2287 commentarium
868 2226 1142 2292 amplissimum
1167 2240 1395 2292 iudicesque?
1411 2248 1577 2295 locuple-

295 2298 464 2332 tissimos
486 2293 623 2329 adiecit
639 2295 698 2330 Jo.
724 2290 841 2327 Gottl.
861 2291 1086 2334 Schneider,
1113 2294 1220 2327 Saxo.
1245 2296 1299 2331 IV
1309 2294 1433 2328 Tomi.
1453 2297 1574 2341 gmaj.

298 2351 398 2386 18¹1·
938 2363 941 2366 ⁴
1394 2340 1434 2375 16
1451 2341 1574 2376 Rthlr.

248 2389 408 2437 Knight‚
433 2386 542 2422 Rich.
563 2388 698 2432 Payne‚
725 2387 816 2432 Eq.,
840 2383 1108 2431 Prolegomena
1125 2385 1169 2419 ad
1190 2387 1404 2420 Homerum
1424 2386 1505 2421 sive
1528 2387 1575 2422 de

299 2435 506 2470 carminum
529 2433 817 2467 Homericornm
841 2431 1008 2478 origine,
1046 2441 1199 2465 auctore
1218 2443 1254 2466 et
1273 2443 1386 2467 aetate
1405 2432 1573 2478 itemque

299 2482 344 2515 de
370 2482 510 2529 priscae
530 2477 682 2526 linguae
698 2490 898 2525 progressu
918 2487 953 2512 et
971 2478 1142 2526 praecoci
1159 2479 1397 2521 maturitate,
1423 2479 1479 2513 ed.
1499 2480 1571 2513 Dr.

297 2529 357 2564 Fr.
376 2529 465 2563 Em.
480 2523 676 2574 Ruhkopf.
703 2531 726 2570 8
742 2525 829 2570 maj.
856 2524 954 2568 1316.
1454 2531 1498 2569 13
1513 2538 1569 2574 gr.

784 2648 1060 2662 m
