1676 3045
91 793 266 867 Pauca
295 833 422 878 sunt,
472 839 585 880 quae
622 823 690 867 his
728 824 1114 867 observationibus
1143 824 1473 881 praemittenda

90 905 259 957 habeo3
287 921 392 947 nam
425 905 478 947 de
502 905 705 946 instituto
730 919 831 946 meo
853 914 987 960 atque
1020 906 1157 961 opera
1177 913 1320 946 tacere
1338 919 1473 960 prae-

91 991 201 1037 stat3
243 984 313 1025 ahi
332 983 414 1026 hoc
434 983 622 1036 faciant,
655 983 726 1025 alii
753 983 1010 1038 dijudicent.
1069 985 1216 1027 Restat
1241 1000 1385 1026 unum
1411 985 1472 1026 il·-

87 1064 187 1116 lud,
218 1074 266 1105 ut
287 1065 340 1105 de
360 1065 496 1122 copiis
518 1079 763 1120 exponam,
795 1064 955 1121 quibus
985 1079 1090 1105 usus
1116 1063 1279 1106 fuerim
1306 1064 1353 1105 in
1384 1064 1468 1105 hoo

88 1144 329 1200 specimine
349 1144 588 1187 exarando.
641 1144 772 1201 Quae
793 1142 996 1200 inprimis
1015 1142 1303 1185 continentur
1327 1142 1468 1184 tribus

85 1222 306 1264 codicibus
327 1224 553 1276 Palatinis,
586 1223 961 1276 membranaceis,
993 1223 1104 1265 folio
1130 1224 1327 1276 minore,
1358 1223 1468 1265 insi-

83 1301 214 1355 gnitis
233 1318 332 1344 nro.
352 1304 438 1346 168.
461 1304 549 1360 169.
564 1302 657 1353 285⁷,
690 1317 879 1359 quorum
902 1294 1306 1359 unoquoquequac
1323 1304 1467 1345 conti-

81 1390 291 1434 neantur,
323 1383 477 1425 videre
506 1384 609 1425 licet
639 1398 694 1424 ex
726 1381 964 1427 Wilckenii
996 1384 1191 1439 catalogo
1225 1399 1328 1424 mss,
1356 1384 1461 1425 Pall.

80 1476 179 1519 pag.
199 1461 292 1504 281.
317 1462 410 1516 285,
442 1463 519 1504 ubi
541 1462 683 1504 brevis
710 1476 886 1518 quoque
905 1463 1104 1518 subjecta
1125 1472 1189 1505 est
1208 1463 1462 1520 descriptio.

80 1541 146 1582 De
171 1541 334 1583 Virtute
352 1555 401 1581 ac
421 1540 692 1597 praestantia
718 1541 883 1583 horum
911 1543 1111 1584 codicum
1152 1550 1282 1598 atque
1303 1550 1461 1595 aetate,

81 1635 193 1676 quae
210 1620 483 1675 reliquorum
505 1619 598 1660 fere
611 1620 825 1672 omnium,
847 1629 1064 1676 quotquot
1077 1622 1149 1664 hic
1165 1630 1461 1673 asservantur,

78 1699 339 1742 antecedere
362 1699 554 1751 videtur,
582 1701 684 1741 nolo
706 1701 862 1756 longus
883 1715 987 1748 esse,
1020 1701 1398 1757 quandoquidem,
1425 1702 1461 1743 si

78 1777 173 1833 quis
191 1776 306 1818 forte
326 1777 494 1820 diffidat
510 1810 521 1831 ,
564 1778 705 1821 libera
729 1779 766 1819 ei
786 1786 849 1820 est
879 1778 981 1819 data
1010 1787 1224 1835 potestas,
1257 1781 1461 1823 codicum

76 1857 279 1914 ipsorum
321 1857 700 1913 inspiciendorum
752 1871 801 1897 ac
852 1858 1286 1914 perlustrandorum.
1366 1862 1460 1903 Hoc

73 1951 215 1978 unum
239 1937 448 1987 monebo,
480 1936 751 1978 characteres
771 1944 813 1978 et
831 1935 1062 1980 literarum
1086 1939 1244 1981 ductus
1261 1940 1296 1981 si
1317 1940 1460 1997 dispi-

74 2015 140 2058 cio
164 2023 301 2072 alque
321 2016 601 2073 perpensito,
645 2017 755 2058 duos
772 2016 891 2069 illos,
933 2016 1009 2072 qui
1036 2025 1193 2071 gerunt
1212 2034 1458 2062 numerum

75 2094 169 2137 168.
208 2096 306 2152 169,
364 2095 634 2151 antiquiores
665 2095 774 2137 mihi
815 2095 958 2137 videri
999 2097 1141 2139 altero
1180 2099 1331 2152 tertio,
1382 2098 1457 2156 qui

72 2189 196 2215 num.
219 2174 298 2226 285
324 2174 431 2227 fert,
463 2176 624 2232 quique
645 2191 747 2217 cum
770 2175 922 2217 multis
942 2175 1049 2217 locis
1080 2175 1249 2218 mirum
1280 2179 1326 2220 in
1352 2195 1455 2220 mo·-

70 2254 179 2295 dum
202 2269 303 2295 cum
328 2254 703 2310 Sangermanensi
722 2255 869 2297 codice
893 2255 1148 2308 conveniat,
1200 2257 1273 2298 vel
1296 2273 1350 2300 ex
1368 2259 1454 2301 hoc

68 2333 163 2389 ipso
179 2365 189 2385 ,
221 2333 292 2373 vel
318 2341 435 2374 certe
457 2348 511 2373 ex
531 2333 685 2374 eadem
705 2332 901 2385 familia,
932 2334 1051 2376 unde
1069 2335 1166 2389 ille,
1197 2336 1452 2392 profectum

69 2427 161 2454 essc
182 2419 378 2468 apparet.
424 2411 710 2468 Quamquam
734 2412 853 2453 haud
873 2429 1017 2470 pauca
1034 2415 1247 2469 invenias,
1279 2416 1325 2456 in
1347 2417 1451 2472 qui-

67 2493 150 2534 bus
169 2492 301 2533 eiiam
323 2506 424 2533 cum
445 2491 628 2547 reliquis
656 2490 826 2532 duobus
861 2506 959 2535 nro.
983 2493 1075 2534 168.
1100 2494 1176 2550 169
1206 2496 1446 2552 conspirat,

68 2570 237 2626 quaIIa,
270 2577 317 2611 ut
346 2570 399 2611 de
434 2570 666 2613 literarum
698 2570 1045 2624 characteribus,
1085 2572 1317 2616 simillimis
1343 2575 1444 2630 illis,

67 2656 233 2691 taceam
248 2681 260 2701 ,
293 2666 336 2691 v,
358 2664 396 2706 g.
418 2657 523 2691 sunt
544 2651 806 2706 compendia
827 2650 1068 2703 scribendi,
1098 2667 1198 2693 raro
1219 2663 1443 2710 usurpata,

67 2727 209 2770 hiatus
229 2728 483 2786 saepissime
504 2727 745 2782 admissus,
782 2729 857 2771 ubi
879 2732 926 2772 in
946 2730 1133 2787 vulgatis
1153 2731 1375 2775 codicibus
1397 2743 1440 2777 et

902 2799 997 2841 Λα
