1676 3045
1465 198 1489 240 7

210 301 271 343 Ut
292 301 473 344 tandem
493 300 672 344 redeam
686 330 697 348 ,
728 301 852 344 unde
870 315 968 344 sum
991 300 1226 357 digressus,
1257 311 1482 357 apponam

97 371 334 413 nonnullos
354 371 468 412 locos
483 403 493 423 ,
534 370 579 411 in
601 368 759 425 quibus
784 369 875 410 duo
898 369 1138 422 vocabula,
1177 371 1268 410 uno
1300 366 1485 408 eodem-

97 454 183 495 que
204 438 301 480 fere
323 452 451 480 sensu
470 440 644 494 juncta,
674 437 868 494 reperias
882 455 894 478 z
924 438 1164 479 Artaxe-rx.
1189 449 1210 477 2
1228 455 1238 478 ι
1270 437 1294 480 0‘
1311 439 1386 489 μὲν
1409 433 1484 476 οὖν

95 510 234 563 Κῦρος
273 505 482 550 ἔντονόν
510 524 548 548 τι
585 509 655 549 καῖ
685 504 924 561 σφοδρόν
954 500 1084 555 εὐθύς
1127 508 1170 547 ἰκ
1198 503 1358 560 πρώτης
1389 503 1484 553 ἧλι-

95 580 186 624 κίας
207 577 336 631 εἶχενξ
368 575 484 630 quod
505 574 697 616 recurrit
715 573 815 616 Tib.
841 573 1031 618 Gracch.
1054 586 1092 617 2.
1122 574 1314 630 Lycurg.
1333 571 1482 626 9init.:

94 643 141 688 2-0*
170 645 353 686 ἄνισον
385 646 454 685 καὶ
482 638 773 696 α’νώμαλον.
815 642 970 700 Comp.
993 642 1183 698 Lycurg.
1210 656 1246 683 o.
1273 640 1407 683 Num.
1432 651 1480 680 2:

94 711 293 767 ὁμαλός
330 713 400 754 καὶ
435 706 829 766 παραπλήσιος.
888 711 1085 766 Lycurg.
1121 724 1194 752 11:
1243 705 1366 761 ὀξύς
1414 711 1484 750 καὶ

92 778 394 835 θυμοειδής.
421 789 429 823 ἓ
457 778 561 820 ibid.
599 778 866 834 ὑπηρέτης·
919 783 988 821 καὶ
1037 774 1390 833 θεραπευτήρ
1441 781 1485 816 et

91 850 258 903 πρᾷος
286 851 355 890 καὶ
387 847 588 902 ἥμερος.
622 846 728 888 ibid.
756 860 807 901 27
831 846 924 888 init.
945 844 1239 901 σύντροφος
1268 848 1336 888 καῖ
1368 861 1483 886 συν·-

91 915 161 967 ἠθ
173 935 197 967 η
211 935 244 966 ς.
279 914 496 957 Themist.
510 914 561 955 52
574 913 649 955 fin.
662 914 832 966 συνήθ
845 934 867 966 η
879 933 899 965 ς
918 919 986 957 καῖ
1007 935 1035 970 φ
1050 918 1094 957 ίλ
1109 933 1129 957 ο
1141 934 1174 964 ς.
1204 915 1390 970 Lycurg.
1409 910 1483 952 15:

91 985 281 1038 ἅμικτο
298 1003 316 1034 ς
340 987 408 1026 καὶ
426 981 791 1034 ἀκοινώνητος.
822 983 955 1025 Num.
975 997 1026 1038 9:
1050 980 1220 1030 καινός
1254 983 1322 1023 καῖ
1353 980 1480 1026 νέος.

92 1052 363 1108 Philopoem.
388 1066 435 1105 9:
465 1049 610 1100 κενός
641 1054 712 1094 καῖ
739 1050 976 1107 μα’ταιος.
1038 1053 1107 1094 EX
1139 1049 1293 1091 eadem
1327 1045 1484 1087 obser-

91 1119 270 1161 vatione
295 1118 485 1160 tuendus
509 1126 573 1160 est
589 1119 701 1160 alius
718 1120 862 1171 locus,
892 1118 1014 1161 idem
1041 1120 1116 1161 ille
1146 1117 1263 1160 male
1283 1122 1482 1157 tentatus

69 1180 116 1227 'a
137 1187 320 1242 Coi-ajo,
353 1186 505 1243 capitis
526 1187 672 1243 quarti
694 1187 845 1228 initio:
877 1191 916 1230 εἰ
931 1186 1008 1242 γοέρ
1027 1188 1122 1231 ἄλλο
1150 1189 1297 1242 μηδὲν,
1337 1181 1423 1226 ἀλλ’
1454 1181 1483 1232 ἦ

88 1253 222 1310 μήτηρ
246 1252 426 1310 ὑπῆρχε,
458 1257 639 1310 χρῆσθαι
656 1259 725 1299 καὶ
754 1255 1000 1311 λαμβάνων,
1041 1257 1117 1299 ὅσα
1152 1251 1360 1309 βούλοιτο,
1402 1252 1482 1293 τῶν

90 1324 216 1373 αὐτῆς
237 1343 303 1366 πα
318 1324 550 1378 ρὲχουσα
583 1328 652 1367 καὶ
680 1326 918 1374 διδοῦσα,
952 1324 1001 1365 in
1023 1339 1111 1380 quo
1138 1321 1370 1364 abundare
1391 1332 1481 1375 pu-

91 1397 155 1431 tat
173 1391 243 1431 vir
266 1391 572 1446 sagacissimus
596 1397 664 1435 καῖ
688 1393 872 1439 ὃιδοῦσας
915 1406 1059 1447 neque
1083 1391 1177 1448 ipse
1195 1388 1361 1432 infitias
1381 1386 1479 1427 ive-

90 1458 193 1504 rim,
216 1474 377 1514 parum
398 1459 516 1500 inter
539 1468 784 1515 utrumque
803 1460 1014 1501 iuteresse
1034 1459 1316 1508 discriminis,
1339 1470 1479 1513 prae-

85 1526 240 1569 sertim
264 1543 366 1569 cum
389 1528 733 1584 Xenophontem
756 1527 1022 1585 (Memorab.
1038 1528 1070 1577 I,
1092 1527 1132 1579 4,
1155 1524 1224 1581 12)
1245 1526 1360 1566 inter
1383 1522 1480 1565 δοῦ-

88 1615 156 1638 ναι
187 1603 229 1636 et
255 1597 445 1651 παρέχειν
473 1597 724 1638 variantem
754 1597 953 1648 videam3
992 1604 1236 1650 utrumque
1264 1602 1415 1634 tamen
1443 1589 1480 1631 si

88 1663 324 1716 retinebis,
363 1663 482 1704 haud
512 1663 600 1705 scio
629 1679 686 1705 an
717 1664 939 1705 efficacior
968 1663 1023 1704 sit
1044 1663 1183 1704 oratio
1205 1678 1255 1704 ac
1271 1660 1475 1718 gravi0r3

88 1732 314 1787 simulque
343 1732 657 1784 concinnitati,
698 1731 790 1785 cui,
823 1732 859 1773 si
891 1731 989 1787 quis
1020 1731 1159 1784 alius,
1189 1742 1477 1785 summopere

88 1800 259 1841 studuit
287 1799 572 1852 Plutarchus,
609 1799 774 1851 optime
803 1797 1065 1856 prospicies,-
1107 1807 1158 1840 ut
1185 1798 1356 1841 duobus
1378 1795 1476 1844 illis,

89 1882 206 1922 quae
234 1867 534 1923 praecedunt,
565 1866 751 1923 χρῆσθαι
781 1871 849 1910 καὶ
882 1865 1122 1921 λαμβάνειν,
1163 1868 1251 1909 duo
1267 1868 1378 1908 item
1397 1878 1476 1905 re-

84 1935 336 1991 spondeant
357 1934 496 1976 verba
516 1937 706 1990 παρέχειν
729 1940 797 1979 καὶ
826 1934 991 1979 διδόναι.
1049 1936 1380 1992 Exemplorum
1404 1930 1476 1973 af-

84 2003 237 2056 fatim,
268 2011 318 2045 ut
340 2019 496 2060 supra,
530 2003 590 2045 ita
610 2004 683 2044 hic
706 2018 885 2059 quoque
903 2002 1111 2060 proferre
1135 2019 1307 2060 possem
1322 2034 1333 2054 ,
1374 2000 1475 2056 qui-

85 2071 169 2112 bus
191 2072 384 2113 rationes
404 2085 522 2111 meas
541 2071 859 2112 confirmarem
874 2105 884 2125 ,
926 2071 1008 2112 nisi
1028 2086 1097 2112 res
1119 2072 1213 2129 ipsa
1232 2071 1336 2113 satis
1361 2075 1474 2110 esset

85 2139 343 2196 perspicua3
399 2154 542 2180 unum
580 2146 730 2180 tamen
770 2139 878 2195 quin
925 2140 1085 2181 addam
1099 2172 1110 2192 ,
1175 2135 1475 2180 luculentissi-

86 2221 214 2247 mum
245 2207 376 2258 illud,
407 2207 636 2248 continere
667 2222 741 2248 me
769 2223 857 2248 non
885 2222 1092 2262 possum:
1126 2206 1300 2249 Cimon.
1327 2205 1374 2246 15
1393 2203 1470 2244 fin.

85 2272 157 2324 τήν
177 2272 342 2329 πρώτην
363 2278 612 2328 θεμελίωσιν
629 2277 866 2329 ἐρεισθῆναι
885 2274 955 2318 διά
972 2278 1174 2330 Κίμωνος,
1194 2279 1347 2319 ἐκείνου
1368 2271 1472 2331 χρή-

85 2359 193 2396 ματα
224 2345 536 2395 πορίζοντος
566 2346 633 2384 καὶ
665 2341 869 2386 ὃιδόντο
885 2361 916 2392 ς.

196 2413 347 2453 Καίτοι
365 2413 527 2452 Δείνων
547 2415 691 2465 φησὶν,
721 2411 783 2453 ὅτι
801 2410 884 2453 'Oa'
898 2417 1032 2467 ρτης]
1065 2411 1172 2454 Cod.
1195 2411 1287 2455 Pal.
1302 2405 1467 2464 (ἷοῖρσης.

177 2602 294 2645 „idem
334 2613 441 2645 equus
478 2599 778 2647 παράσειρος
804 2605 959 2648 Euripid.
987 2606 1103 2639 Orost.
1131 2618 1178 2638 vs.
1204 2605 1288 2638 1015
1319 2604 1466 2637 Porson·

182 2648 524 2733 „¹8¹⁰i49·a)iii⁵)·cj·id·
544 2650 729 2694 Spanhcui.
757 2651 797 2685 ad
821 2652 996 2696 Aristoph.
1023 2652 1136 2687 Nubb.
1166 2664 1195 2685 v.
1220 2662 1293 2685 122.
1321 2652 1412 2695 (pag.
1426 2649 1470 2683 88

180 2718 201 2735 ‚,
236 2705 273 2727 ec
301 2707 333 2726 11.
466 2708 492 2729 r.
