1676 3045
154 238 236 286 144

150 365 221 399 tus
244 363 309 398 est
326 351 617 396 Ruhnkenius
631 382 643 403 ‚
688 351 768 395 cfr.
792 353 937 398 Marx.
958 354 1012 398 ad
1034 353 1374 414 Ephor.fragm.
1401 374 1444 416 p.
1466 360 1532 402 54.

149 433 194 467 at
212 425 432 467 Kusterus
455 429 655 463 veterem
680 423 901 465 maculam
926 423 1132 480 religiosa
1161 440 1299 467 manu
1325 428 1532 471 servavit.

146 494 219 537 Nl
240 492 423 542 mirum,
453 505 592 546 quum
612 505 670 531 ne
681 491 859 534 Vossius
880 491 1060 548 quidem
1082 492 1165 534 sibi
1188 493 1317 550 plane
1341 509 1366 536 a
1389 510 1534 551 prava

146 562 230 602 ista
248 559 612 617 interpunctione
631 559 837 613 cavisset3
860 561 938 618 qui
960 568 1131 603 tantum
1152 559 1295 604 abfuit
1318 570 1369 604 ut
1382 578 1531 605 emen·

144 630 283 681 daret,
316 635 366 670 ut
383 628 543 670 erroris
561 627 710 685 potius
733 629 836 671 inde
858 629 1042 672 suidam
1062 645 1188 672 reum
1214 629 1394 683 faceret,
1421 631 1530 674 haec

143 697 191 739 in
220 704 435 754 syntagm.
468 695 522 737 de
553 696 706 738 histor.
734 712 801 752 gr.
821 699 856 746 1,
878 712 916 748 7.
947 712 992 753 p.
1015 697 1080 739 28.
1101 698 1319 741 scribens:
1349 699 1530 751 „Etiam

143 766 346 819 „duobus
380 765 502 806 libris
529 764 785 820 complexus
816 763 902 807 fuit
916 764 1278 823 (Theopompus)
1301 767 1530 824 epitomen

141 835 463 890 „historiarum
491 831 730 875 Herodoti:
764 839 807 874 et
835 848 893 876 ne
925 833 1066 876 alium
1102 842 1232 892 putes
1264 835 1529 894 Theopom-

141 921 302 962 ,‚pum‚
335 903 532 945 disertim
551 900 657 942 dicit
669 900 841 953 suidas,
871 917 972 944 eam
992 902 1220 960 epitomen
1242 905 1529 946 concinnasse

139 975 264 1027 „una
292 988 394 1014 cum
424 970 628 1028 EphOm,
667 971 844 1026 aequali
873 986 968 1014 suo.
1029 970 1118 1014 Sed
1148 986 1312 1029 parum
1338 974 1450 1016 mihi
1478 973 1528 1016 fit

138 1041 432 1096 „vei-iamne,
464 1039 576 1080 duos
599 1045 742 1080 tantos
762 1038 881 1081 viros
912 1040 1015 1082 huic
1036 1040 1116 1083 uni
1149 1043 1212 1083 rei
1245 1041 1499 1084 incubuisse
1515 1059 1527 1083 τ

137 1117 404 1167 „praeterea
430 1123 533 1150 cum
573 1115 752 1164 praeter
780 1106 988 1163 Suidam,
1035 1118 1086 1151 ut
1123 1110 1343 1161 arbitror,
1390 1125 1526 1152 nemo

135 1180 262 1235 „ejus
301 1177 448 1235 operis
480 1176 749 1218 meminerit.
831 1176 987 1233 Quare
1013 1193 1170 1221 censeo
1204 1179 1341 1221 fuisse
1371 1179 1528 1222 Theo-

133 1247 322 1305 „pompi
349 1245 534 1297 alicujus
562 1243 774 1297 junioris,
823 1246 1022 1301 quisquis
1054 1247 1233 1288 tandem
1268 1246 1342 1288 ille
1372 1246 1524 1293 suerit,

132 1326 216 1371 „ut
243 1324 285 1357 et
315 1312 520 1370 superius
559 1311 830 1357 dicebamus.
843 1315 869 1336 “
907 1336 968 1345 —-
1038 1316 1087 1356 In
1121 1314 1271 1356 omnia
1301 1315 1386 1356 axia
1417 1330 1524 1372 ergo

132 1384 369 1429 discedunt
394 1380 581 1424 Meursii
607 1388 740 1436 atque
768 1382 912 1424 Vossii
946 1383 1001 1423 de
1029 1382 1193 1425 Suidae
1223 1384 1317 1424 loco
1342 1392 1524 1425 seuten-

130 1454 245 1504 tiaeg,
277 1465 521 1507 quamnam
550 1463 660 1489 vero
693 1448 818 1503 sequi
849 1464 927 1490 nos
957 1449 1138 1501 deceat,
1171 1450 1344 1506 egregie
1376 1451 1524 1494 docuit

129 1530 197 1564 tot
218 1520 409 1562 aliarum
425 1532 752 1575 persanequam
773 1516 1134 1560 difficillimarum
1161 1534 1417 1560 caussarum
1441 1534 1521 1561 ae-

129 1589 368 1646 quissimus
385 1586 537 1641 judex,
569 1585 633 1629 Cl.
657 1584 852 1626 Davides
871 1585 1179 1627 Ruhnkenius.
1239 1586 1279 1626 Is
1304 1586 1410 1627 dum
1434 1587 1523 1628 Pa-

126 1659 245 1702 risiis
266 1658 312 1699 in
329 1655 487 1698 mediis
508 1654 734 1710 regiorum
765 1653 968 1695 codicum
998 1655 1128 1710 largis
1156 1654 1364 1710 dapibus,
1398 1663 1522 1697 cete-

125 1726 291 1782 roquin
313 1724 397 1782 ipsi
420 1724 654 1766 Gallorum
677 1721 821 1777 genti,
853 1722 888 1763 si
908 1737 933 1763 a
954 1721 1230 1779 paucissimis
1252 1723 1518 1773 discesseris,

125 1799 188 1840 sic
217 1795 317 1837 satis
346 1793 530 1849 ignotis,
574 1799 695 1834 tanto
724 1791 958 1833 literarum
990 1790 1308 1833 humaniorum
1346 1791 1518 1834 fructui

123 1865 304 1909 nonnisi
327 1878 408 1921 per
428 1875 627 1904 annuum
650 1860 842 1917 spatium
869 1868 1001 1912 esset,
1032 1859 1274 1915 Phrynichi
1295 1860 1519 1901 aliorum-

121 1949 212 1989 que
234 1932 466 1981 Codicem,
499 1928 635 1971 seculi
668 1928 761 1971 sere
792 1928 974 1980 decimi,
1006 1929 1131 1982 cujus
1158 1928 1401 1985 specimina
1430 1928 1517 1970 aii-

121 2010 232 2059 quot
261 2000 433 2041 dudum
463 2007 566 2049 ante
590 1999 637 2039 iu
667 1999 828 2052 vulgus
857 1997 1061 2038 emiserat
1092 1995 1307 2038 Bernard.
1333 1997 1517 2037 Monte-

119 2070 341 2114 falconius
365 2064 889 2123 (ssifflffitiussoisl-p.-157
913 2063 1071 2118 seqq.),
1103 2064 1189 2104 suis
1207 2064 1346 2120 ipsius
1371 2064 1512 2105 oculis

118 2138 379 2195 usurpavit,
423 2137 604 2190 ejusque
625 2132 939 2190 apographum
964 2132 1016 2174 V.
1037 2132 1092 2175 D.
1119 2131 1273 2187 Gassy,
1316 2132 1512 2174 hominis

117 2206 344 2252 Britanni,
385 2218 522 2261 opera
551 2201 633 2242 sibi
665 2200 943 2258 comparavit
965 2198 1073 2251 (cir.
1097 2199 1292 2240 Praefat.
1311 2200 1510 2241 ad-Tim.

117 2292 163 2332 p.
180 2276 376 2327 XVllL).
436 2274 582 2328 Atque
602 2286 657 2312 ex
680 2268 1087 2312 Grammaticorum
1104 2300 1115 2319 ,
1148 2268 1224 2324 qui
1251 2268 1326 2309 illo
1354 2267 1509 2309 codice

117 2343 478 2392 continebantur,
511 2339 645 2381 unius
669 2338 932 2380 auctoritate
946 2369 957 2389 ,
990 2351 1124 2391 quem
1144 2335 1322 2378 nonnisi
1341 2335 1509 2392 proba-

115 2412 308 2454 tissimos
333 2410 569 2467 scriptores
591 2416 642 2447 ut
665 2415 813 2452 testes,
847 2404 1222 2462 quemadmodum
1253 2404 1405 2444 deceat
1435 2405 1509 2445 in-

113 2481 388 2538 telligentem
409 2492 584 2519 caussae
605 2484 818 2522 actorem,
855 2474 1051 2514 excitare
1070 2474 1134 2514 ait
1146 2472 1336 2523 Bastius,
1369 2472 1506 2528 (apud

111 2549 289 2594 Schaef.
314 2547 368 2591 ad
388 2547 523 2601 Greg.
544 2545 645 2587 Cor.
670 2560 714 2601 p.
737 2542 809 2584 155
834 2546 978 2597 seqq.)
1002 2542 1292 2598 Theopompo
1319 2539 1379 2595 (in
1403 2540 1505 2582 hist·

110 2620 208 2661 crit.
234 2635 324 2661 orr.
343 2631 435 2674 grr.
458 2629 500 2672 p.
526 2612 615 2653 164.
640 2614 708 2652 ed.
730 2613 799 2657 R.)
832 2609 1086 2652 felicissimo
1116 2624 1316 2651 successu
1344 2616 1501 2648 contra

110 2688 252 2731 vossii
276 2689 456 2731 obelum
481 2681 778 2739 patrocinatus
800 2687 876 2720 est.
922 2678 1164 2727 Meursius,
1198 2692 1328 2731 quem
1351 2677 1499 2717 nescio

106 2770 193 2810 quo
218 2756 387 2799 sactum
409 2758 467 2799 sit
490 2759 541 2795 ut
562 2749 682 2793 illius
706 2748 1028 2790 emendationis
1044 2745 1315 2803 poeniteret,
1346 2745 1498 2801 paullo
