1676 3045
226 117 279 173 78

227 231 335 273 ibid.
363 242 423 271 12.
449 246 490 287 p.
519 230 608 282 169.
633 230 686 273 A.
716 224 796 284 ἆρ’
824 229 915 274 ὀὖν
944 232 1082 288 ὥσπέρ
1114 236 1196 284 ’τοῖς
1225 237 1344 293 ἐρῶσι
1372 241 1418 285 τό
1444 242 1548 298 ὁρᾷιι

224 296 534 355 α’γαηητότατόν
565 299 653 340 ἔστι
682 319 739 339 ι..
773 298 875 341 οὕτω
906 303 976 342 καὶ
1004 304 1088 352 τοῖς
1116 305 1250 357 ᾳίλοις
1280 307 1546 363 αἱρετώτατόυ

224 372 310 410 ἐστι
340 366 386 408 τό
414 367 556 422 συζῇυς
596 369 788 409 κοινωνία
817 367 897 426 γάρ
924 367 952 419 ἤ
980 373 1110 423 ᾳιλιά.
1163 371 1439 430 Quanquam
1461 378 1546 420 hoc

222 434 403 489 quidem
424 440 634 490 su‘pr'emo
652 435 749 477 loco
770 435 970 478 Graecus
991 438 1213 496 interpres
1241 441 1323 494 ἄρα
1342 444 1547 486 scriben-

222 503 332 544 dum
356 511 449 543 ‘esse
461 501 625 544 diserte
646 503 765 556 dicit3
780 505 856 546 sed
878 504 1058 559 frustra,
1081 508 1117 548 si
1130 508 1238 562 quid
1251 510 1396 552 video.
1429 512 1545 554 Ram

220 570 406 612 omnino
429 571 724 634 creberrimus
745 580 810 612 est
832 573 950 629 apud
972 573 1093 615 hunc
1110 575 1368 631 scriptorem
1399 579 1546 621 inter*-

216 638 458 695 rogationis
488 652 570 693 ρει*
604 639 683 681 hos
721 639 859 681 libros
890 655 1011 693 usus,
1036 641 1126 683 sive
1165 643 1220 684 ad
1251 645 1544 700 significanda

215 711 342 753 varia
371 708 599 750 rationum
630 708 879 761 moment25
939 709 1037 750 sive
1063 717 1115 750 ut
1138 710 1351 754 lectorem
1380 713 1543 756 habeat

214 787 455 827 attentum,
498 775 594 818 sive
617 774 807 831 denique
838 778 890 817 ut
912 775 1134 829 ejusdem,
1162 792 1262 819 cum
1293 795 1373 822 suo
1396 782 1544 824 Marte

216 862 348 904 agere
374 845 615 896 invitetur,
661 858 838 886 sensum
865 843 1241 900 atque‘judicium
1269 855 1412 889 acuat.
1472 851 1540 891 Cf.

214 911 288 960 IX.
314 928 377 957 10.
398 917 443 971 p.
469 912 559 954 166.
583 913 631 954 C.
655 911 691 954 5.
717 927 759 969 p.
789 912 878 954 154.
897 912 950 954 E.
982 926 1025 968 p.
1055 911 1145 954 155.
1168 914 1218 955 B.
1241 914 1291 956 C.
1315 916 1368 958 D.
1392 916 1445 958 X.
1476 931 1540 958 10.

211 1002 257 1044 p.
280 984 374 1027 185.
394 982 446 1024 Ε.
478 980 584 1023 alios
603 981 722 1021 locos
745 995 882 1035 quam
903 979 1135 1037 plurimos.
1202 978 1290 1023 Pro
1307 983 1384 1037 ἄρα
1406 1002 1448 1039 7⁶
1468 985 1540 1026 ΙΙΙ.

210 1056 251 1098 4.
280 1069 322 1109 p.
343 1051 409 1108 59.
432 1051 484 1092 A.
517 1056 730 1090 monente
759 1048 951 1104 Berghio
982 1050 1144 1105 procul
1173 1049 1306 1091 dubio
1337 1052 1543 1093 scriben-

211 1122 320 1164 dum
342 1127 408 1161 est
426 1117 506 1174 ἆρα
527 1132 595 1173 γεε
639 1116 698 1158 sic
726 1114 846 1157 enim
877 1130 1202 1172 nonnunquam
1231 1133 1314 1174 pro
1347 1120 1542 1176 simplici

211 1190 293 1244 ἆρα
315 1188 476 1230 dicitur
499 1187 552 1236 (Ι.
576 1186 614 1228 4.
637 1200 730 1241 pu).
747 1184 796 1226 C.
832 1199 897 1227 11.
917 1199 960 1240 p.
977 1183 1140 1235 14.D.).
1196 1185 1247 1226 In
1269 1187 1386 1238 justa
1406 1194 1451 1229 et
1470 1190 1540 1230 le-

208 1258 364 1313 gitima
381 1253 668 1297 conclusione
691 1260 758 1295 est
779 1253 859 1309 ἄρα
876 1268 918 1307 γε
938 1265 1042 1292 cum
1068 1260 1196 1293 acuto
1218 1260 1337 1304 ton03
1365 1262 1418 1296 ut
1439 1271 1481 1297 v.
1496 1271 1536 1312 g.

206 1327 262 1372 V.
284 1326 324 1367 4.
349 1339 393 1381 p.
409 1321 474 1377 78.
499 1322 547 1364 B.

324 1396 362 1435 εἰ
391 1389 424 1434 δ’
453 1391 576 1442 οὕτω,
626 1391 832 1445 πειρατέον
859 1387 972 1445 τύπῳ
1000 1406 1045 1446 γε
1074 1393 1307 1445 περιλαβεῖν
1335 1391 1449 1434 αὐτό.
1481 1416 1537 1424 -

205 1464 306 1506 Vet.
339 1463 503 1517 Interp.
524 1459 619 1500 sine
649 1477 706 1514 γε.
747 1461 803 1501 Εἰ
822 1456 856 1500 δ’
876 1458 998 1506 οὕτω,
1023 1470 1257 1514 suppresso
1277 1461 1384 1510 ἐστί,
1416 1460 1538 1516 apud

203 1531 468 1587 scriptorem
510 1527 756 1568 verborum
800 1524 1113 1582 parcissimum
1153 1525 1399 1567 admodum
1437 1526 1536 1568 fre-

204 1613 359 1655 quens.
391 1595 460 1638 Cf.
480 1595 514 1636 Ι.
536 1595 574 1637 4.
600 1610 640 1652 p.
664 1593 701 1635 6.
724 1595 775 1635 E.
808 1593 846 1633 6.
872 1608 916 1649 p.
941 1605 1002 1633 10.
1022 1592 1072 1632 Β.
1108 1607 1171 1634 11.
1192 1608 1234 1651 p.
1260 1593 1322 1634 16.
1347 1593 1394 1634 C.
1438 1596 1536 1638 Vo-

208 1667 417 1708 cabulum
442 1662 592 1714 τῖ’·πος,
631 1662 666 1703 si
688 1660 793 1717 quid
814 1660 963 1701 minus
985 1659 1147 1700 subtile
1167 1667 1212 1699 et
1230 1669 1435 1702 accurate
1456 1662 1538 1704 de·-

204 1733 428 1781 scribitur,
465 1747 566 1773 cum
589 1730 705 1787 apud
740 1728 935 1783 reliquos
967 1727 1204 1785 scriptores
1230 1727 1355 1769 haud
1378 1745 1536 1772 rarum

202 1810 288 1849 est,
320 1810 416 1842 tum
436 1816 462 1841 a
484 1807 664 1850 nostro,
695 1804 748 1838 ut
767 1811 838 1838 res
856 1795 975 1852 ipsa,
1022 1795 1070 1835 in
1101 1794 1185 1835 hoc
1218 1804 1356 1851 opere
1385 1797 1535 1855 inpri-

200 1870 284 1911 mis
315 1869 644 1923 frequentatur.
733 1865 814 1907 Est
845 1864 983 1920 igitur
1013 1862 1262 1904 similitudo
1303 1862 1437 1906 ducta
1477 1865 1532 1907 ab

199 1944 294 1978 arte
316 1936 545 1986 statuaria,
566 1933 801 1981 similibus,
827 1945 942 1987 quae
958 1930 1158 1987 primum
1180 1930 1351 1972 formas
1369 1947 1532 1987 quam-

198 2004 262 2045 vis
293 2003 428 2044 rudes
463 2002 666 2058 fingunt,
708 2015 897 2056 quarum
915 2013 1024 2054 ope,
1065 1998 1142 2038 ubi
1165 1998 1267 2039 satis
1286 2007 1391 2040 sunt
1407 2000 1530 2055 poli-—

198 2080 269 2113 tae
291 2079 337 2112 et
355 2072 549 2121 limatae,
570 2067 870 2109 accuratiores
890 2080 1044 2107 rerum
1064 2064 1237 2120 figurae
1259 2067 1529 2122 etimagines

197 2138 503 2181 conficiuntur.
564 2136 618 2179 V.
652 2135 816 2176 Muret.
846 2133 900 2173 ad
935 2132 979 2174 h.
1013 2134 1042 2175 1.
1075 2134 1312 2175 Gatacker.
1351 2135 1523 2177 advers.

195 2223 289 2265 cap.
310 2208 351 2250 4.
384 2207 531 2263 Toup,
553 2204 608 2245 ad
628 2202 814 2258 Longin.
833 2199 927 2243 XII.
961 2201 1001 2256 ξ.
1026 2215 1065 2242 2.
1097 2218 1140 2258 p.
1169 2201 1263 2243 505.
1298 2217 1409 2257 quos
1440 2203 1524 2244 ad·-

192 2274 343 2318 hibuit
363 2275 456 2317 Ast.
479 2274 533 2315 ad
551 2272 723 2315 Platon.
745 2269 798 2310 de
819 2267 991 2325 Repub.
1015 2267 1166 2325 p.473.
1226 2268 1370 2311 Buhle
1392 2286 1524 2312 com-

192 2349 329 2383 ment.
353 2341 406 2382 de
427 2341 552 2382 libris
570 2338 794 2383 Aristotel.
817 2344 989 2378 exoter.
1023 2351 1067 2392 p.
1095 2336 1187 2377 143.
1219 2344 1312 2378 not.
1347 2339 1412 2379 ed.
1444 2338 1524 2380 Bi-

191 2418 316 2469 pont.
348 2409 504 2451 Multis
528 2416 678 2449 autem
698 2405 839 2448 modis
859 2405 969 2446 haee
990 2404 1157 2446 locutio
1179 2405 1395 2447 variatur.
1437 2405 1522 2446 Di-

192 2479 306 2519 citur
326 2477 463 2527 enim,
488 2483 540 2517 ut
560 2482 710 2516 nostro
728 2475 837 2526 loco,
868 2470 982 2527 τύπῳ
1008 2475 1269 2527 περιλαβεῖν,
1303 2473 1522 2527 quemad-

193 2545 380 2590 modum
412 2553 477 2586 est
505 2543 638 2586 etiam
666 2541 740 2584 ΠΙ.
762 2554 824 2584 ι2.
855 2555 900 2598 p.
925 2540 990 2583 50.
1020 2541 1073 2585 E.
1105 2548 1148 2582 et
1182 2539 1297 2597 apud
1327 2539 1516 2596 Longin.
