1676 3045
185 231 262 275 162

183 361 278 389 cem
309 344 503 387 ionicam
524 340 846 398 Theopompus
876 339 923 382 in
953 341 1214 400 compendio
1245 342 1555 386 concinnando

181 415 376 458 retinere
405 410 603 469 profecto
634 410 869 466 nequibat3
899 412 1132 468 usurpavit
1161 411 1299 467 igitur
1329 427 1441 453 eam.
1467 427 1557 468 qua

185 492 229 525 et
258 484 354 538 ipse
383 480 494 522 libro
516 479 627 522 LVI.
652 478 843 536 Philipp.
869 495 974 521 usus
1006 488 1084 531 est,
1116 481 1233 535 apud
1256 480 1416 523 Athen.
1440 480 1558 530 XIII,

182 552 250 608 89.
282 565 325 606 p.
349 550 441 589 205.
467 547 534 589 ed.
558 547 699 590 Sehw.
731 547 795 603 (ni
828 548 955 589 malis
984 548 1218 600 Athenaei,
1249 563 1383 605 quam
1407 549 1559 590 Theo-

179 618 348 678 pompi,
379 631 467 658 esse
498 617 654 668 verba)
674 623 714 655 et
744 615 880 672 ipsius
910 623 1168 672 prae-ceptor
1199 616 1253 657 de
1274 632 1380 673 pace
1403 617 1558 673 p.2‘66.

181 689 247 731 ed.
274 688 349 737 L.‚
382 685 565 740 aliique,
596 691 647 725 ut
675 683 880 740 Xenoph.
916 684 1085 725 Hellen.
1108 684 1182 735 IV,
1212 697 1250 736 2,
1281 686 1342 726 ιδ.
1376 685 1557 728 Aristot.

180 757 309 799 Polit.
334 755 405 804 III,
428 752 465 795 8.
496 767 538 808 p.
568 764 658 793 121.
691 752 756 793 ed.
779 751 912 794 Schn.
948 751 1055 800 (ubi
1085 766 1194 793 vero
1226 757 1295 796 καὶ
1324 752 1558 809 φυγαδεύων

180 840 282 866 cum
304 820 621 867 Valckenaerio
652 820 706 861 ad
730 817 891 861 Herod.
912 819 965 871 V,
990 833 1056 875 92.
1081 835 1124 876 p.
1143 819 1240 873 422,
1265 836 1330 875 77.
1358 838 1413 864 ex
1431 837 1558 863 mar-

177 893 281 950 gine
312 892 358 933 in
390 898 583 937 textum,
625 897 676 930 ut
706 895 892 938 vocant,
923 887 1151 944 irrepsisse
1181 888 1471 940 crediderim)
1502 891 1558 931 de

177 958 491 1005 Alexandrinis
522 957 649 1001 LXX.
697 956 754 998 cf.
785 956 889 998 Biel.
918 954 1027 997 thes.
1058 955 1134 1012 ph.
1168 972 1200 997 s.
1233 971 1278 998 v.
1310 957 1437 999 Diod.
1470 957 1555 1000 Sic.

177 1029 250 1082 IV,
273 1029 339 1082 57.
369 1028 464 1081 XV,
485 1027 525 1069 5.
548 1043 584 1082 7.
607 1040 670 1069 20.
695 1026 764 1068 40.
794 1023 913 1077 XVI,
937 1023 974 1066 8.
1016 1023 1210 1067 Marcell.
1247 1024 1325 1069 vit.
1351 1024 1552 1082 Thucyd.

175 1112 220 1154 p.
243 1095 337 1153 728.
369 1096 437 1139 ed.
458 1098 505 1140 B.
535 1097 686 1139 Pauw.
706 1095 760 1138 ad
773 1094 942 1151 Phryn.
962 1108 1008 1151 p.
1024 1106 1117 1148 170.
