<?xml version="1.0" encoding="UTF-8"?>
<!DOCTYPE html PUBLIC "-//W3C//DTD XHTML 1.0 Transitional//EN"
    "http://www.w3.org/TR/xhtml1/DTD/xhtml1-transitional.dtd">
<html xmlns="http://www.w3.org/1999/xhtml" xml:lang="en" lang="en">
 <head>
  <title>
</title>
<meta http-equiv="Content-Type" content="text/html;charset=utf-8" />
  <meta name='ocr-system' content='tesseract 3.04.00' />
  <meta name='ocr-capabilities' content='ocr_page ocr_carea ocr_par ocr_line ocrx_word'/>
</head>
<body>
  <div class='ocr_page' id='page_1' title='image "./meletemataedisci00creu/meletemataedisci00creu_0273.png"; bbox 0 0 1676 3045; ppageno 0'>
   <div class='ocr_carea' id='block_1_1' title="bbox 1433 234 1459 275">
    <p class='ocr_par' dir='ltr' id='par_1_1' title="bbox 1433 234 1459 275">
     <span class='ocr_line' id='line_1_1' title="bbox 1433 234 1459 275; baseline 0 0"><span class='ocrx_word' id='word_1_1' title='bbox 1433 234 1459 275; x_wconf 85' lang='lat'><strong>9</strong></span> 
     </span>
    </p>
   </div>
   <div class='ocr_carea' id='block_1_2' title="bbox 78 329 1467 2771">
    <p class='ocr_par' dir='ltr' id='par_1_2' title="bbox 78 329 1467 1880">
     <span class='ocr_line' id='line_1_2' title="bbox 196 329 1458 392; baseline -0.004 -15"><span class='ocrx_word' id='word_1_2' title='bbox 196 333 457 392; x_wconf 83' lang='lat' dir='ltr'>Saepissime</span> <span class='ocrx_word' id='word_1_3' title='bbox 478 332 656 389; x_wconf 84' lang='lat' dir='ltr'>quidem</span> <span class='ocrx_word' id='word_1_4' title='bbox 673 331 905 389; x_wconf 82' lang='lat' dir='ltr'>participio</span> <span class='ocrx_word' id='word_1_5' title='bbox 926 332 1130 386; x_wconf 86' lang='lat' dir='ltr'>junctum</span> <span class='ocrx_word' id='word_1_6' title='bbox 1151 329 1345 373; x_wconf 86' lang='lat' dir='ltr'>inveniri</span> <span class='ocrx_word' id='word_1_7' title='bbox 1372 331 1458 373; x_wconf 85' lang='lat' dir='ltr'>hoc</span> 
     </span>
     <span class='ocr_line' id='line_1_3' title="bbox 80 398 1463 457; baseline -0.003 -12"><span class='ocrx_word' id='word_1_8' title='bbox 80 403 294 451; x_wconf 85' lang='lat' dir='ltr'>verbum,</span> <span class='ocrx_word' id='word_1_9' title='bbox 328 418 416 444; x_wconf 88' lang='lat' dir='ltr'>non</span> <span class='ocrx_word' id='word_1_10' title='bbox 436 403 615 457; x_wconf 78' lang='lat' dir='ltr'>ignoro3</span> <span class='ocrx_word' id='word_1_11' title='bbox 647 407 691 439; x_wconf 87' lang='lat' dir='ltr'>at</span> <span class='ocrx_word' id='word_1_12' title='bbox 711 399 978 455; x_wconf 86' lang='lat' dir='ltr'>plerumque</span> <span class='ocrx_word' id='word_1_13' title='bbox 999 399 1083 440; x_wconf 86' lang='lat' dir='ltr'>alio</span> <span class='ocrx_word' id='word_1_14' title='bbox 1102 414 1247 447; x_wconf 85' lang='lat' dir='ltr'>sensu,</span> <span class='ocrx_word' id='word_1_15' title='bbox 1278 398 1354 453; x_wconf 84' lang='lat' dir='ltr'>qui</span> <span class='ocrx_word' id='word_1_16' title='bbox 1375 406 1418 439; x_wconf 87' lang='lat' dir='ltr'>et</span> <span class='ocrx_word' id='word_1_17' title='bbox 1435 414 1463 441; x_wconf 84' lang='lat' dir='ltr'>a</span> 
     </span>
     <span class='ocr_line' id='line_1_4' title="bbox 80 466 1461 522; baseline -0.002 -11"><span class='ocrx_word' id='word_1_18' title='bbox 80 480 234 512; x_wconf 83' lang='lat' dir='ltr'>nostro</span> <span class='ocrx_word' id='word_1_19' title='bbox 258 472 352 512; x_wconf 90' lang='grc'>1000</span> <span class='ocrx_word' id='word_1_20' title='bbox 377 479 420 510; x_wconf 86' lang='lat' dir='ltr'>et</span> <span class='ocrx_word' id='word_1_21' title='bbox 441 470 495 510; x_wconf 89' lang='lat' dir='ltr'>ab</span> <span class='ocrx_word' id='word_1_22' title='bbox 516 469 590 522; x_wconf 84' lang='lat' dir='ltr'>iis,</span> <span class='ocrx_word' id='word_1_23' title='bbox 622 481 731 522; x_wconf 88' lang='lat' dir='ltr'>quos</span> <span class='ocrx_word' id='word_1_24' title='bbox 757 466 888 507; x_wconf 86' lang='lat' dir='ltr'>modo</span> <span class='ocrx_word' id='word_1_25' title='bbox 910 468 1112 520; x_wconf 82' lang='lat' dir='ltr'>laudavi,</span> <span class='ocrx_word' id='word_1_26' title='bbox 1145 467 1366 520; x_wconf 78' lang='lat' dir='ltr'>abhorret,</span> <span class='ocrx_word' id='word_1_27' title='bbox 1396 467 1461 508; x_wconf 88' lang='lat' dir='ltr'>uti</span> 
     </span>
     <span class='ocr_line' id='line_1_5' title="bbox 80 532 1463 591; baseline -0.002 -12"><span class='ocrx_word' id='word_1_28' title='bbox 80 547 205 579; x_wconf 88' lang='lat' dir='ltr'>notet</span> <span class='ocrx_word' id='word_1_29' title='bbox 228 546 461 579; x_wconf 67' lang='lat' dir='ltr'>ccacctorem</span> <span class='ocrx_word' id='word_1_30' title='bbox 483 552 605 588; x_wconf 77' lang='lat' dir='ltr'>esse,</span> <span class='ocrx_word' id='word_1_31' title='bbox 636 535 840 591; x_wconf 73' lang='lat' dir='ltr'>priorem</span> <span class='ocrx_word' id='word_1_32' title='bbox 853 532 1048 590; x_wconf 73' lang='lat' dir='ltr'>facere3</span> <span class='ocrx_word' id='word_1_33' title='bbox 1087 536 1141 576; x_wconf 85' lang='lat' dir='ltr'>de</span> <span class='ocrx_word' id='word_1_34' title='bbox 1171 537 1260 591; x_wconf 74' lang='lat' dir='ltr'>qua</span> <span class='ocrx_word' id='word_1_35' title='bbox 1291 535 1463 590; x_wconf 80' lang='lat' dir='ltr'>signifi-</span> 
     </span>
     <span class='ocr_line' id='line_1_6' title="bbox 82 601 1459 661; baseline -0.002 -15"><span class='ocrx_word' id='word_1_36' title='bbox 82 605 257 646; x_wconf 83' lang='lat' dir='ltr'>catione</span> <span class='ocrx_word' id='word_1_37' title='bbox 271 621 385 645; x_wconf 87' lang='lat' dir='ltr'>unus</span> <span class='ocrx_word' id='word_1_38' title='bbox 406 604 609 647; x_wconf 74' lang='lat' dir='ltr'>sufficere</span> <span class='ocrx_word' id='word_1_39' title='bbox 633 610 778 660; x_wconf 85' lang='lat' dir='ltr'>potest</span> <span class='ocrx_word' id='word_1_40' title='bbox 798 601 1134 653; x_wconf 74' lang='lat' dir='ltr'>Valckenarius,</span> <span class='ocrx_word' id='word_1_41' title='bbox 1175 604 1230 645; x_wconf 82' lang='lat' dir='ltr'>ad</span> <span class='ocrx_word' id='word_1_42' title='bbox 1257 605 1459 661; x_wconf 84' lang='lat' dir='ltr'>Euripid.</span> 
     </span>
     <span class='ocr_line' id='line_1_7' title="bbox 80 671 1463 730; baseline 0.001 -17"><span class='ocrx_word' id='word_1_43' title='bbox 80 672 248 716; x_wconf 86' lang='lat' dir='ltr'>Phoen.</span> <span class='ocrx_word' id='word_1_44' title='bbox 272 672 384 725; x_wconf 81' lang='grc'>1576.</span> <span class='ocrx_word' id='word_1_45' title='bbox 405 672 598 730; x_wconf 73' lang='lat' dir='ltr'>pag.555</span> <span class='ocrx_word' id='word_1_46' title='bbox 623 681 665 714; x_wconf 86' lang='lat' dir='ltr'>et</span> <span class='ocrx_word' id='word_1_47' title='bbox 685 671 740 713; x_wconf 84' lang='lat' dir='ltr'>ad</span> <span class='ocrx_word' id='word_1_48' title='bbox 762 671 923 713; x_wconf 86' lang='lat' dir='ltr'>Herod.</span> <span class='ocrx_word' id='word_1_49' title='bbox 945 671 1019 723; x_wconf 83' lang='lat' dir='ltr'>IV,</span> <span class='ocrx_word' id='word_1_50' title='bbox 1035 685 1071 712; x_wconf 90' lang='lat'>1.</span> <span class='ocrx_word' id='word_1_51' title='bbox 1092 672 1190 725; x_wconf 84' lang='lat' dir='ltr'>jure</span> <span class='ocrx_word' id='word_1_52' title='bbox 1210 687 1299 714; x_wconf 89' lang='lat' dir='ltr'>non</span> <span class='ocrx_word' id='word_1_53' title='bbox 1320 673 1463 714; x_wconf 83' lang='lat' dir='ltr'>omis-</span> 
     </span>
     <span class='ocr_line' id='line_1_8' title="bbox 81 739 1462 797; baseline 0.001 -17"><span class='ocrx_word' id='word_1_54' title='bbox 81 754 152 780; x_wconf 87' lang='lat' dir='ltr'>sus</span> <span class='ocrx_word' id='word_1_55' title='bbox 193 739 370 782; x_wconf 82' lang='lat' dir='ltr'>Sturzio</span> <span class='ocrx_word' id='word_1_56' title='bbox 403 741 448 782; x_wconf 87' lang='lat' dir='ltr'>in</span> <span class='ocrx_word' id='word_1_57' title='bbox 493 743 599 783; x_wconf 82' lang='lat' dir='ltr'>Lex.</span> <span class='ocrx_word' id='word_1_58' title='bbox 641 740 925 797; x_wconf 79' lang='lat' dir='ltr'>Xenophont.</span> <span class='ocrx_word' id='word_1_59' title='bbox 968 739 1097 780; x_wconf 77' lang='lat' dir='ltr'>Toni.</span> <span class='ocrx_word' id='word_1_60' title='bbox 1127 740 1198 782; x_wconf 86' lang='lat' dir='ltr'>IV.</span> <span class='ocrx_word' id='word_1_61' title='bbox 1242 754 1338 797; x_wconf 80' lang='lat' dir='ltr'>pag.</span> <span class='ocrx_word' id='word_1_62' title='bbox 1366 739 1462 781; x_wconf 78' lang='lat'>565.</span> 
     </span>
     <span class='ocr_line' id='line_1_9' title="bbox 81 806 1462 863; baseline 0.001 -16"><span class='ocrx_word' id='word_1_63' title='bbox 81 806 257 863; x_wconf 81' lang='lat' dir='ltr'>Quodsi</span> <span class='ocrx_word' id='word_1_64' title='bbox 280 816 427 850; x_wconf 82' lang='lat' dir='ltr'>tamen</span> <span class='ocrx_word' id='word_1_65' title='bbox 451 809 549 863; x_wconf 89' lang='lat' dir='ltr'>quis</span> <span class='ocrx_word' id='word_1_66' title='bbox 569 809 648 860; x_wconf 80' lang='lat' dir='ltr'>sit,</span> <span class='ocrx_word' id='word_1_67' title='bbox 691 809 759 850; x_wconf 89' lang='lat' dir='ltr'>cui</span> <span class='ocrx_word' id='word_1_68' title='bbox 793 809 942 849; x_wconf 83' lang='lat' dir='ltr'>minus</span> <span class='ocrx_word' id='word_1_69' title='bbox 962 806 1260 863; x_wconf 76' lang='lat' dir='ltr'>persuaserim</span> <span class='ocrx_word' id='word_1_70' title='bbox 1281 816 1462 849; x_wconf 89' lang='lat' dir='ltr'>senten-</span> 
     </span>
     <span class='ocr_line' id='line_1_10' title="bbox 80 874 1466 934; baseline 0.001 -20"><span class='ocrx_word' id='word_1_71' title='bbox 80 874 187 916; x_wconf 84' lang='lat' dir='ltr'>tiam</span> <span class='ocrx_word' id='word_1_72' title='bbox 215 891 387 929; x_wconf 84' lang='lat' dir='ltr'>meam,</span> <span class='ocrx_word' id='word_1_73' title='bbox 435 878 569 918; x_wconf 84' lang='lat' dir='ltr'>aliam</span> <span class='ocrx_word' id='word_1_74' title='bbox 603 880 641 918; x_wconf 78' lang='lat' dir='ltr'>ei</span> <span class='ocrx_word' id='word_1_75' title='bbox 673 891 927 934; x_wconf 85' lang='lat' dir='ltr'>proponam</span> <span class='ocrx_word' id='word_1_76' title='bbox 958 875 1178 916; x_wconf 74' lang='lat' dir='ltr'>rationein</span> <span class='ocrx_word' id='word_1_77' title='bbox 1211 874 1344 929; x_wconf 69' lang='lat' dir='ltr'>hujus</span> <span class='ocrx_word' id='word_1_78' title='bbox 1378 874 1466 916; x_wconf 86' lang='lat' dir='ltr'>loci</span> 
     </span>
     <span class='ocr_line' id='line_1_11' title="bbox 80 942 1464 999; baseline 0 -16"><span class='ocrx_word' id='word_1_79' title='bbox 80 943 361 998; x_wconf 82' lang='lat' dir='ltr'>expediendi,</span> <span class='ocrx_word' id='word_1_80' title='bbox 390 944 568 984; x_wconf 83' lang='lat' dir='ltr'>ductam</span> <span class='ocrx_word' id='word_1_81' title='bbox 589 959 612 984; x_wconf 93' lang='lat' dir='ltr'>e</span> <span class='ocrx_word' id='word_1_82' title='bbox 632 942 942 999; x_wconf 77' lang='lat' dir='ltr'>Xenophontis</span> <span class='ocrx_word' id='word_1_83' title='bbox 958 943 1053 984; x_wconf 89' lang='grc'>1000</span> <span class='ocrx_word' id='word_1_84' title='bbox 1079 942 1302 999; x_wconf 75' lang='lat' dir='ltr'>parallelo,</span> <span class='ocrx_word' id='word_1_85' title='bbox 1329 957 1464 997; x_wconf 83' lang='lat' dir='ltr'>quem</span> 
     </span>
     <span class='ocr_line' id='line_1_12' title="bbox 79 1009 1462 1052; baseline 0.001 -2"><span class='ocrx_word' id='word_1_86' title='bbox 79 1017 183 1050; x_wconf 89' lang='lat' dir='ltr'>ante</span> <span class='ocrx_word' id='word_1_87' title='bbox 216 1012 366 1051; x_wconf 84' lang='lat' dir='ltr'>oculos</span> <span class='ocrx_word' id='word_1_88' title='bbox 399 1009 606 1051; x_wconf 82' lang='lat' dir='ltr'>habuisse</span> <span class='ocrx_word' id='word_1_89' title='bbox 633 1010 927 1052; x_wconf 72' lang='lat' dir='ltr'>Plutarchum</span> <span class='ocrx_word' id='word_1_90' title='bbox 969 1011 1210 1052; x_wconf 80' lang='lat' dir='ltr'>verisimile</span> <span class='ocrx_word' id='word_1_91' title='bbox 1248 1018 1322 1050; x_wconf 79' lang='lat' dir='ltr'>est.</span> <span class='ocrx_word' id='word_1_92' title='bbox 1393 1012 1462 1052; x_wconf 81' lang='lat' dir='ltr'>Ita</span> 
     </span>
     <span class='ocr_line' id='line_1_13' title="bbox 79 1076 1463 1135; baseline 0.001 -18"><span class='ocrx_word' id='word_1_93' title='bbox 79 1077 198 1117; x_wconf 86' lang='lat' dir='ltr'>enim</span> <span class='ocrx_word' id='word_1_94' title='bbox 216 1077 290 1118; x_wconf 87' lang='lat' dir='ltr'>ille</span> <span class='ocrx_word' id='word_1_95' title='bbox 310 1078 466 1129; x_wconf 79' lang='lat' dir='ltr'>(Anab-</span> <span class='ocrx_word' id='word_1_96' title='bbox 491 1080 522 1129; x_wconf 81' lang='lat' dir='ltr'>I,</span> <span class='ocrx_word' id='word_1_97' title='bbox 547 1094 581 1125; x_wconf 85' lang='grc'>1,</span> <span class='ocrx_word' id='word_1_98' title='bbox 608 1078 675 1133; x_wconf 78' lang='lat'>4):</span> <span class='ocrx_word' id='word_1_99' title='bbox 725 1078 965 1132; x_wconf 72' lang='grc' dir='ltr'><em>Παρύσατις</em></span> <span class='ocrx_word' id='word_1_100' title='bbox 994 1079 1021 1128; x_wconf 75' lang='grc' dir='ltr'><em>ἦ</em></span> <span class='ocrx_word' id='word_1_101' title='bbox 1061 1078 1190 1135; x_wconf 68' lang='grc' dir='ltr'><em>μήῑηρ</em></span> <span class='ocrx_word' id='word_1_102' title='bbox 1225 1076 1381 1134; x_wconf 61' lang='grc' dir='ltr'>ιῗπξρχε</span> <span class='ocrx_word' id='word_1_103' title='bbox 1403 1079 1463 1133; x_wconf 64' lang='grc' dir='ltr'>τῷ</span> 
     </span>
     <span class='ocr_line' id='line_1_14' title="bbox 78 1143 1458 1201; baseline 0.001 -15"><span class='ocrx_word' id='word_1_104' title='bbox 78 1143 216 1199; x_wconf 71' lang='grc' dir='ltr'><strong><em>Κύρῳ,</em></strong></span> <span class='ocrx_word' id='word_1_105' title='bbox 238 1147 412 1199; x_wconf 68' lang='grc' dir='ltr'><em>φιλοῦσα</em></span> <span class='ocrx_word' id='word_1_106' title='bbox 437 1145 557 1188; x_wconf 73' lang='grc' dir='ltr'><em>αὐτόν</em></span> <span class='ocrx_word' id='word_1_107' title='bbox 577 1148 742 1200; x_wconf 73' lang='grc' dir='ltr'><em>μᾶλλον,</em></span> <span class='ocrx_word' id='word_1_108' title='bbox 756 1147 783 1197; x_wconf 67' lang='grc' dir='ltr'><em>ἢ</em></span> <span class='ocrx_word' id='word_1_109' title='bbox 799 1146 868 1188; x_wconf 76' lang='grc' dir='ltr'>τόν</span> <span class='ocrx_word' id='word_1_110' title='bbox 889 1146 1156 1200; x_wconf 60' lang='grc' dir='ltr'>βασιλεύονῑα</span> <span class='ocrx_word' id='word_1_111' title='bbox 1173 1146 1458 1201; x_wconf 58' lang='grc' dir='ltr'>’Λρτοιξὲρξην</span> 
     </span>
     <span class='ocr_line' id='line_1_15' title="bbox 83 1212 1465 1272; baseline 0.003 -20"><span class='ocrx_word' id='word_1_112' title='bbox 83 1212 110 1252; x_wconf 88' lang='lat' dir='ltr'>i.</span> <span class='ocrx_word' id='word_1_113' title='bbox 129 1227 165 1255; x_wconf 81' lang='lat' dir='ltr'>e.</span> <span class='ocrx_word' id='word_1_114' title='bbox 190 1213 457 1269; x_wconf 71' lang='lat' dir='ltr'>„Parysatis,</span> <span class='ocrx_word' id='word_1_115' title='bbox 491 1222 647 1266; x_wconf 82' lang='lat' dir='ltr'>mater,</span> <span class='ocrx_word' id='word_1_116' title='bbox 681 1214 1023 1272; x_wconf 64' lang='lat' dir='ltr'>Cyrofavebatt,</span> <span class='ocrx_word' id='word_1_117' title='bbox 1051 1216 1157 1266; x_wconf 81' lang='lat' dir='ltr'>sive,</span> <span class='ocrx_word' id='word_1_118' title='bbox 1183 1215 1351 1271; x_wconf 80' lang='lat' dir='ltr'>Cyrum</span> <span class='ocrx_word' id='word_1_119' title='bbox 1376 1217 1465 1257; x_wconf 75' lang='lat' dir='ltr'>ad—</span> 
     </span>
     <span class='ocr_line' id='line_1_16' title="bbox 80 1279 1463 1339; baseline 0.004 -19"><span class='ocrx_word' id='word_1_120' title='bbox 80 1279 292 1332; x_wconf 57' lang='lat' dir='ltr'>juvabat,</span> <span class='ocrx_word' id='word_1_121' title='bbox 335 1283 494 1337; x_wconf 85' lang='lat' dir='ltr'>majori</span> <span class='ocrx_word' id='word_1_122' title='bbox 526 1298 632 1324; x_wconf 85' lang='lat' dir='ltr'>eum</span> <span class='ocrx_word' id='word_1_123' title='bbox 653 1298 805 1323; x_wconf 81' lang='lat' dir='ltr'>amore</span> <span class='ocrx_word' id='word_1_124' title='bbox 825 1285 1118 1339; x_wconf 80' lang='lat' dir='ltr'>amplectens,</span> <span class='ocrx_word' id='word_1_125' title='bbox 1159 1299 1293 1339; x_wconf 80' lang='lat' dir='ltr'>quam</span> <span class='ocrx_word' id='word_1_126' title='bbox 1320 1283 1463 1333; x_wconf 83' lang='lat' dir='ltr'>illum,</span> 
     </span>
     <span class='ocr_line' id='line_1_17' title="bbox 80 1348 1465 1405; baseline 0.003 -17"><span class='ocrx_word' id='word_1_127' title='bbox 80 1348 154 1403; x_wconf 86' lang='lat' dir='ltr'>qui</span> <span class='ocrx_word' id='word_1_128' title='bbox 174 1364 364 1405; x_wconf 83' lang='lat' dir='ltr'>regnum</span> <span class='ocrx_word' id='word_1_129' title='bbox 385 1350 619 1400; x_wconf 51' lang='lat' dir='ltr'>tenebam-⁴</span> <span class='ocrx_word' id='word_1_130' title='bbox 651 1366 707 1391; x_wconf 74' lang='lat' dir='ltr'>ex</span> <span class='ocrx_word' id='word_1_131' title='bbox 732 1366 821 1405; x_wconf 85' lang='lat' dir='ltr'>quo</span> <span class='ocrx_word' id='word_1_132' title='bbox 843 1367 999 1403; x_wconf 82' lang='lat' dir='ltr'>sensu,</span> <span class='ocrx_word' id='word_1_133' title='bbox 1032 1359 1182 1392; x_wconf 86' lang='lat' dir='ltr'>nostro</span> <span class='ocrx_word' id='word_1_134' title='bbox 1211 1352 1257 1392; x_wconf 87' lang='lat' dir='ltr'>in</span> <span class='ocrx_word' id='word_1_135' title='bbox 1288 1353 1383 1394; x_wconf 77' lang='lat' dir='ltr'>loco</span> <span class='ocrx_word' id='word_1_136' title='bbox 1408 1352 1465 1393; x_wconf 83' lang='grc'>311</span> 
     </span>
     <span class='ocr_line' id='line_1_18' title="bbox 80 1415 1463 1475; baseline 0.001 -16"><span class='ocrx_word' id='word_1_137' title='bbox 80 1415 233 1473; x_wconf 71' lang='grc' dir='ltr'><em>ὖπῆρχε</em></span> <span class='ocrx_word' id='word_1_138' title='bbox 254 1434 277 1458; x_wconf 90' lang='lat' dir='ltr'>e</span> <span class='ocrx_word' id='word_1_139' title='bbox 297 1418 500 1473; x_wconf 76' lang='lat' dir='ltr'>sequenti</span> <span class='ocrx_word' id='word_1_140' title='bbox 526 1420 664 1473; x_wconf 73' lang='grc' dir='ltr'><em>Κῦρον</em></span> <span class='ocrx_word' id='word_1_141' title='bbox 685 1421 919 1462; x_wconf 79' lang='lat' dir='ltr'>subaudias</span> <span class='ocrx_word' id='word_1_142' title='bbox 941 1435 1117 1462; x_wconf 72' lang='lat' dir='ltr'>neeesse</span> <span class='ocrx_word' id='word_1_143' title='bbox 1139 1427 1202 1460; x_wconf 83' lang='lat' dir='ltr'>est</span> <span class='ocrx_word' id='word_1_144' title='bbox 1231 1421 1290 1475; x_wconf 68' lang='grc' dir='ltr'>τῷ</span> <span class='ocrx_word' id='word_1_145' title='bbox 1321 1420 1463 1475; x_wconf 75' lang='grc' dir='ltr'>Κύρῳ.</span> 
     </span>
     <span class='ocr_line' id='line_1_19' title="bbox 80 1484 1465 1544; baseline 0.001 -18"><span class='ocrx_word' id='word_1_146' title='bbox 80 1484 317 1528; x_wconf 79' lang='lat' dir='ltr'>Caeterum</span> <span class='ocrx_word' id='word_1_147' title='bbox 353 1487 474 1527; x_wconf 87' lang='grc'>1111110</span> <span class='ocrx_word' id='word_1_148' title='bbox 502 1501 632 1528; x_wconf 84' lang='lat' dir='ltr'>usum</span> <span class='ocrx_word' id='word_1_149' title='bbox 663 1489 789 1529; x_wconf 80' lang='lat' dir='ltr'>verbi</span> <span class='ocrx_word' id='word_1_150' title='bbox 812 1488 1007 1544; x_wconf 71' lang='grc' dir='ltr'>ὑπάρχειν</span> <span class='ocrx_word' id='word_1_151' title='bbox 1039 1496 1220 1544; x_wconf 86' lang='lat' dir='ltr'>praeter</span> <span class='ocrx_word' id='word_1_152' title='bbox 1241 1488 1386 1542; x_wconf 64' lang='lat' dir='ltr'>Viger.</span> <span class='ocrx_word' id='word_1_153' title='bbox 1410 1487 1465 1528; x_wconf 83' lang='lat' dir='ltr'>de</span> 
     </span>
     <span class='ocr_line' id='line_1_20' title="bbox 80 1552 1464 1612; baseline 0.001 -19"><span class='ocrx_word' id='word_1_154' title='bbox 80 1552 286 1597; x_wconf 78' lang='lat' dir='ltr'>idiotism.</span> <span class='ocrx_word' id='word_1_155' title='bbox 323 1570 421 1611; x_wconf 77' lang='lat' dir='ltr'>pag.</span> <span class='ocrx_word' id='word_1_156' title='bbox 452 1554 557 1606; x_wconf 75' lang='lat'>508,</span> <span class='ocrx_word' id='word_1_157' title='bbox 617 1554 858 1597; x_wconf 81' lang='lat' dir='ltr'>illustravit</span> <span class='ocrx_word' id='word_1_158' title='bbox 894 1555 1268 1612; x_wconf 57' lang='lat' dir='ltr'>WVyttenbachius</span> <span class='ocrx_word' id='word_1_159' title='bbox 1310 1556 1464 1597; x_wconf 70' lang='lat' dir='ltr'>select.</span> 
     </span>
     <span class='ocr_line' id='line_1_21' title="bbox 80 1620 1467 1679; baseline 0.001 -17"><span class='ocrx_word' id='word_1_160' title='bbox 80 1620 245 1662; x_wconf 86' lang='lat' dir='ltr'>Histor.</span> <span class='ocrx_word' id='word_1_161' title='bbox 266 1636 361 1678; x_wconf 88' lang='lat' dir='ltr'>pag.</span> <span class='ocrx_word' id='word_1_162' title='bbox 375 1622 470 1671; x_wconf 77' lang='grc'>581,</span> <span class='ocrx_word' id='word_1_163' title='bbox 502 1622 638 1674; x_wconf 80' lang='lat' dir='ltr'>(unde</span> <span class='ocrx_word' id='word_1_164' title='bbox 658 1639 803 1679; x_wconf 86' lang='lat' dir='ltr'>nuper</span> <span class='ocrx_word' id='word_1_165' title='bbox 819 1624 1266 1679; x_wconf 77' lang='lat' dir='ltr'>profecitCreuzerus</span> <span class='ocrx_word' id='word_1_166' title='bbox 1286 1623 1339 1663; x_wconf 82' lang='lat' dir='ltr'>ad</span> <span class='ocrx_word' id='word_1_167' title='bbox 1359 1624 1467 1664; x_wconf 85' lang='lat' dir='ltr'>Plo-</span> 
     </span>
     <span class='ocr_line' id='line_1_22' title="bbox 81 1687 1466 1748; baseline 0.003 -20"><span class='ocrx_word' id='word_1_168' title='bbox 81 1687 226 1730; x_wconf 88' lang='lat' dir='ltr'>tinum</span> <span class='ocrx_word' id='word_1_169' title='bbox 251 1690 303 1730; x_wconf 89' lang='lat' dir='ltr'>de</span> <span class='ocrx_word' id='word_1_170' title='bbox 326 1690 502 1745; x_wconf 86' lang='lat' dir='ltr'>pulerit.</span> <span class='ocrx_word' id='word_1_171' title='bbox 522 1691 730 1746; x_wconf 73' lang='lat' dir='ltr'>pag.512)</span> <span class='ocrx_word' id='word_1_172' title='bbox 764 1692 832 1732; x_wconf 80' lang='lat' dir='ltr'>cui</span> <span class='ocrx_word' id='word_1_173' title='bbox 853 1692 953 1733; x_wconf 83' lang='lat' dir='ltr'>addi</span> <span class='ocrx_word' id='word_1_174' title='bbox 974 1699 1163 1748; x_wconf 82' lang='lat' dir='ltr'>possunt</span> <span class='ocrx_word' id='word_1_175' title='bbox 1186 1691 1353 1745; x_wconf 81' lang='lat' dir='ltr'>aliquot</span> <span class='ocrx_word' id='word_1_176' title='bbox 1376 1691 1466 1732; x_wconf 82' lang='lat' dir='ltr'>loci</span> 
     </span>
     <span class='ocr_line' id='line_1_23' title="bbox 78 1755 1463 1817; baseline 0.002 -18"><span class='ocrx_word' id='word_1_177' title='bbox 78 1755 395 1813; x_wconf 79' lang='lat' dir='ltr'>Xenophontei</span> <span class='ocrx_word' id='word_1_178' title='bbox 418 1758 537 1815; x_wconf 84' lang='lat' dir='ltr'>apud</span> <span class='ocrx_word' id='word_1_179' title='bbox 559 1759 812 1813; x_wconf 72' lang='lat' dir='ltr'>Sturzinm,</span> <span class='ocrx_word' id='word_1_180' title='bbox 852 1761 962 1803; x_wconf 76' lang='lat' dir='ltr'>Lex.</span> <span class='ocrx_word' id='word_1_181' title='bbox 994 1760 1207 1817; x_wconf 80' lang='lat' dir='ltr'>Xenoph.</span> <span class='ocrx_word' id='word_1_182' title='bbox 1240 1760 1463 1802; x_wconf 53' lang='lat' dir='ltr'>Tomjv.</span> 
     </span>
     <span class='ocr_line' id='line_1_24' title="bbox 80 1825 292 1880; baseline 0.009 -16"><span class='ocrx_word' id='word_1_183' title='bbox 80 1838 178 1880; x_wconf 85' lang='lat' dir='ltr'>pag.</span> <span class='ocrx_word' id='word_1_184' title='bbox 199 1825 292 1867; x_wconf 76' lang='lat'>565.</span> 
     </span>
    </p>

    <p class='ocr_par' dir='ltr' id='par_1_3' title="bbox 78 1895 1466 2771">
     <span class='ocr_line' id='line_1_25' title="bbox 195 1895 1466 1953; baseline -0.001 -17"><span class='ocrx_word' id='word_1_185' title='bbox 195 1896 426 1951; x_wconf 85' lang='lat' dir='ltr'>Quoniam</span> <span class='ocrx_word' id='word_1_186' title='bbox 463 1912 568 1938; x_wconf 87' lang='lat' dir='ltr'>vero</span> <span class='ocrx_word' id='word_1_187' title='bbox 598 1897 735 1938; x_wconf 81' lang='lat' dir='ltr'>semel</span> <span class='ocrx_word' id='word_1_188' title='bbox 763 1897 809 1938; x_wconf 87' lang='lat' dir='ltr'>in</span> <span class='ocrx_word' id='word_1_189' title='bbox 842 1897 967 1939; x_wconf 73' lang='lat' dir='ltr'>vario</span> <span class='ocrx_word' id='word_1_190' title='bbox 997 1898 1133 1953; x_wconf 87' lang='lat' dir='ltr'>hujus</span> <span class='ocrx_word' id='word_1_191' title='bbox 1157 1895 1285 1938; x_wconf 70' lang='lat' dir='ltr'>verbi</span> <span class='ocrx_word' id='word_1_192' title='bbox 1305 1910 1385 1936; x_wconf 89' lang='lat' dir='ltr'>usu</span> <span class='ocrx_word' id='word_1_193' title='bbox 1405 1895 1466 1936; x_wconf 80' lang='lat' dir='ltr'>il-</span> 
     </span>
     <span class='ocr_line' id='line_1_26' title="bbox 79 1960 1463 2021; baseline 0.001 -18"><span class='ocrx_word' id='word_1_194' title='bbox 79 1960 311 2004; x_wconf 87' lang='lat' dir='ltr'>lustrando</span> <span class='ocrx_word' id='word_1_195' title='bbox 331 1976 508 2017; x_wconf 81' lang='lat' dir='ltr'>versor,</span> <span class='ocrx_word' id='word_1_196' title='bbox 540 1980 628 2006; x_wconf 91' lang='lat' dir='ltr'>non</span> <span class='ocrx_word' id='word_1_197' title='bbox 650 1966 945 2007; x_wconf 77' lang='lat' dir='ltr'>omittendum</span> <span class='ocrx_word' id='word_1_198' title='bbox 964 1966 1134 2021; x_wconf 74' lang='lat' dir='ltr'>putavi,</span> <span class='ocrx_word' id='word_1_199' title='bbox 1167 1963 1340 2006; x_wconf 81' lang='lat' dir='ltr'>tertiam</span> <span class='ocrx_word' id='word_1_200' title='bbox 1364 1964 1463 2004; x_wconf 75' lang='lat' dir='ltr'>sin-</span> 
     </span>
     <span class='ocr_line' id='line_1_27' title="bbox 79 2030 1466 2090; baseline 0.001 -20"><span class='ocrx_word' id='word_1_201' title='bbox 79 2030 245 2085; x_wconf 84' lang='lat' dir='ltr'>gularis</span> <span class='ocrx_word' id='word_1_202' title='bbox 266 2033 439 2074; x_wconf 84' lang='lat' dir='ltr'>numeri</span> <span class='ocrx_word' id='word_1_203' title='bbox 462 2048 700 2090; x_wconf 85' lang='lat' dir='ltr'>personam</span> <span class='ocrx_word' id='word_1_204' title='bbox 734 2034 858 2089; x_wconf 86' lang='lat' dir='ltr'>quasi</span> <span class='ocrx_word' id='word_1_205' title='bbox 885 2033 1241 2087; x_wconf 82' lang='lat' dir='ltr'>impersonaliter</span> <span class='ocrx_word' id='word_1_206' title='bbox 1256 2065 1268 2084; x_wconf 78' lang='lat'><em>⁷</em></span> <span class='ocrx_word' id='word_1_207' title='bbox 1309 2032 1466 2073; x_wconf 86' lang='lat' dir='ltr'>eodem</span> 
     </span>
     <span class='ocr_line' id='line_1_28' title="bbox 80 2095 1465 2159; baseline 0.001 -22"><span class='ocrx_word' id='word_1_208' title='bbox 80 2095 174 2138; x_wconf 86' lang='lat' dir='ltr'>fere</span> <span class='ocrx_word' id='word_1_209' title='bbox 192 2098 439 2153; x_wconf 81' lang='lat' dir='ltr'>significatu</span> <span class='ocrx_word' id='word_1_210' title='bbox 458 2105 543 2152; x_wconf 81' lang='grc' dir='ltr'>(τοῦ</span> <span class='ocrx_word' id='word_1_211' title='bbox 565 2100 775 2142; x_wconf 66' lang='lat' dir='ltr'>acc-idere</span> <span class='ocrx_word' id='word_1_212' title='bbox 790 2134 805 2152; x_wconf 85' lang='lat'><em>‚</em></span> <span class='ocrx_word' id='word_1_213' title='bbox 840 2103 1103 2159; x_wconf 64' lang='lat' dir='ltr'>contingere</span> <span class='ocrx_word' id='word_1_214' title='bbox 1118 2135 1132 2152; x_wconf 88' lang='lat'><em>,</em></span> <span class='ocrx_word' id='word_1_215' title='bbox 1168 2100 1348 2149; x_wconf 72' lang='lat' dir='ltr'>adesse)</span> <span class='ocrx_word' id='word_1_216' title='bbox 1374 2111 1465 2154; x_wconf 90' lang='lat' dir='ltr'>quo</span> 
     </span>
     <span class='ocr_line' id='line_1_29' title="bbox 82 2165 1464 2223; baseline -0.003 -13"><span class='ocrx_word' id='word_1_217' title='bbox 82 2165 187 2206; x_wconf 78' lang='lat' dir='ltr'>alias</span> <span class='ocrx_word' id='word_1_218' title='bbox 244 2173 485 2223; x_wconf 72' lang='grc' dir='ltr'><em>συμβαίνει,</em></span> <span class='ocrx_word' id='word_1_219' title='bbox 545 2170 741 2212; x_wconf 79' lang='lat' dir='ltr'>construi</span> <span class='ocrx_word' id='word_1_220' title='bbox 797 2185 900 2212; x_wconf 89' lang='lat' dir='ltr'>cum</span> <span class='ocrx_word' id='word_1_221' title='bbox 965 2169 1209 2220; x_wconf 81' lang='lat' dir='ltr'>infinitivo,</span> <span class='ocrx_word' id='word_1_222' title='bbox 1269 2167 1323 2207; x_wconf 89' lang='lat' dir='ltr'>de</span> <span class='ocrx_word' id='word_1_223' title='bbox 1373 2181 1464 2221; x_wconf 89' lang='lat' dir='ltr'>quo</span> 
     </span>
     <span class='ocr_line' id='line_1_30' title="bbox 82 2233 1465 2294; baseline -0.001 -19"><span class='ocrx_word' id='word_1_224' title='bbox 82 2235 282 2277; x_wconf 87' lang='lat' dir='ltr'>consulas</span> <span class='ocrx_word' id='word_1_225' title='bbox 308 2236 452 2290; x_wconf 71' lang='lat' dir='ltr'>Viger.</span> <span class='ocrx_word' id='word_1_226' title='bbox 474 2238 528 2279; x_wconf 88' lang='lat' dir='ltr'>de</span> <span class='ocrx_word' id='word_1_227' title='bbox 546 2237 758 2278; x_wconf 84' lang='lat' dir='ltr'>idiotism.</span> <span class='ocrx_word' id='word_1_228' title='bbox 780 2253 877 2294; x_wconf 80' lang='lat' dir='ltr'>pag.</span> <span class='ocrx_word' id='word_1_229' title='bbox 898 2236 996 2278; x_wconf 77' lang='lat'>508.</span> <span class='ocrx_word' id='word_1_230' title='bbox 1028 2234 1260 2279; x_wconf 76' lang='lat' dir='ltr'>Heindorf.</span> <span class='ocrx_word' id='word_1_231' title='bbox 1284 2233 1339 2276; x_wconf 86' lang='lat' dir='ltr'>ad</span> <span class='ocrx_word' id='word_1_232' title='bbox 1359 2235 1465 2276; x_wconf 89' lang='lat' dir='ltr'>Pla-</span> 
     </span>
     <span class='ocr_line' id='line_1_31' title="bbox 81 2302 1466 2360; baseline 0.001 -19"><span class='ocrx_word' id='word_1_233' title='bbox 81 2307 170 2341; x_wconf 89' lang='lat' dir='ltr'>ton.</span> <span class='ocrx_word' id='word_1_234' title='bbox 192 2302 354 2345; x_wconf 83' lang='lat' dir='ltr'>Phaed.</span> <span class='ocrx_word' id='word_1_235' title='bbox 376 2319 472 2360; x_wconf 84' lang='lat' dir='ltr'>pag.</span> <span class='ocrx_word' id='word_1_236' title='bbox 503 2304 592 2347; x_wconf 73' lang='lat'>108.</span> <span class='ocrx_word' id='word_1_237' title='bbox 652 2306 701 2344; x_wconf 87' lang='lat' dir='ltr'>In</span> <span class='ocrx_word' id='word_1_238' title='bbox 723 2306 960 2346; x_wconf 78' lang='lat' dir='ltr'>Plutarcho</span> <span class='ocrx_word' id='word_1_239' title='bbox 983 2313 1046 2346; x_wconf 88' lang='lat' dir='ltr'>est</span> <span class='ocrx_word' id='word_1_240' title='bbox 1075 2306 1159 2348; x_wconf 89' lang='grc'>1100</span> <span class='ocrx_word' id='word_1_241' title='bbox 1190 2302 1466 2357; x_wconf 81' lang='lat' dir='ltr'>frequentis-</span> 
     </span>
     <span class='ocr_line' id='line_1_32' title="bbox 80 2368 1465 2429; baseline 0.004 -21"><span class='ocrx_word' id='word_1_242' title='bbox 80 2368 270 2422; x_wconf 77' lang='lat' dir='ltr'>simum3</span> <span class='ocrx_word' id='word_1_243' title='bbox 310 2371 551 2414; x_wconf 74' lang='lat' dir='ltr'>Artaxerx.</span> <span class='ocrx_word' id='word_1_244' title='bbox 577 2388 669 2429; x_wconf 84' lang='lat' dir='ltr'>cap.</span> <span class='ocrx_word' id='word_1_245' title='bbox 692 2375 730 2414; x_wconf 75' lang='lat' dir='ltr'>li.</span> <span class='ocrx_word' id='word_1_246' title='bbox 755 2373 794 2416; x_wconf 78' lang='grc'>8.</span> <span class='ocrx_word' id='word_1_247' title='bbox 847 2374 1004 2427; x_wconf 83' lang='lat' dir='ltr'>Agesil.</span> <span class='ocrx_word' id='word_1_248' title='bbox 1028 2389 1065 2418; x_wconf 82' lang='lat'>1.</span> <span class='ocrx_word' id='word_1_249' title='bbox 1090 2387 1154 2416; x_wconf 85' lang='lat'>10.</span> <span class='ocrx_word' id='word_1_250' title='bbox 1194 2371 1374 2414; x_wconf 82' lang='lat' dir='ltr'>Romul.</span> <span class='ocrx_word' id='word_1_251' title='bbox 1398 2371 1465 2414; x_wconf 84' lang='lat'>15.</span> 
     </span>
     <span class='ocr_line' id='line_1_33' title="bbox 81 2437 1460 2497; baseline 0.001 -20"><span class='ocrx_word' id='word_1_252' title='bbox 81 2437 204 2478; x_wconf 84' lang='lat' dir='ltr'>Brut.</span> <span class='ocrx_word' id='word_1_253' title='bbox 229 2452 269 2492; x_wconf 74' lang='lat'>7.</span> <span class='ocrx_word' id='word_1_254' title='bbox 302 2438 458 2494; x_wconf 87' lang='lat' dir='ltr'>Comp.</span> <span class='ocrx_word' id='word_1_255' title='bbox 490 2440 638 2483; x_wconf 84' lang='lat' dir='ltr'>Solon.</span> <span class='ocrx_word' id='word_1_256' title='bbox 667 2457 703 2482; x_wconf 84' lang='grc'>0.</span> <span class='ocrx_word' id='word_1_257' title='bbox 728 2441 850 2482; x_wconf 77' lang='lat' dir='ltr'>Publ.</span> <span class='ocrx_word' id='word_1_258' title='bbox 878 2456 914 2482; x_wconf 82' lang='lat'>1.</span> <span class='ocrx_word' id='word_1_259' title='bbox 941 2443 977 2484; x_wconf 75' lang='grc'>5.</span> <span class='ocrx_word' id='word_1_260' title='bbox 1020 2441 1179 2497; x_wconf 87' lang='lat' dir='ltr'>Comp.</span> <span class='ocrx_word' id='word_1_261' title='bbox 1204 2441 1392 2496; x_wconf 74' lang='lat' dir='ltr'>Lycurg.</span> <span class='ocrx_word' id='word_1_262' title='bbox 1424 2452 1460 2477; x_wconf 53' lang='lat' dir='ltr'>c.</span> 
     </span>
     <span class='ocr_line' id='line_1_34' title="bbox 79 2505 1464 2563; baseline -0.002 -15"><span class='ocrx_word' id='word_1_263' title='bbox 79 2505 212 2548; x_wconf 80' lang='lat' dir='ltr'>Num.</span> <span class='ocrx_word' id='word_1_264' title='bbox 243 2505 320 2546; x_wconf 81' lang='lat' dir='ltr'>fin.</span> <span class='ocrx_word' id='word_1_265' title='bbox 353 2507 517 2563; x_wconf 67' lang='lat' dir='ltr'>Pyrrh.</span> <span class='ocrx_word' id='word_1_266' title='bbox 556 2510 619 2549; x_wconf 72' lang='lat'>14.</span> <span class='ocrx_word' id='word_1_267' title='bbox 678 2510 910 2551; x_wconf 81' lang='lat' dir='ltr'>Interdum</span> <span class='ocrx_word' id='word_1_268' title='bbox 945 2509 1077 2550; x_wconf 76' lang='lat' dir='ltr'>etiam</span> <span class='ocrx_word' id='word_1_269' title='bbox 1112 2508 1217 2550; x_wconf 88' lang='lat' dir='ltr'>huic</span> <span class='ocrx_word' id='word_1_270' title='bbox 1246 2505 1464 2548; x_wconf 83' lang='lat' dir='ltr'>infinitivo</span> 
     </span>
     <span class='ocr_line' id='line_1_35' title="bbox 78 2573 1462 2633; baseline 0 -20"><span class='ocrx_word' id='word_1_271' title='bbox 78 2574 373 2629; x_wconf 86' lang='lat' dir='ltr'>praeponitur</span> <span class='ocrx_word' id='word_1_272' title='bbox 393 2575 495 2618; x_wconf 75' lang='grc' dir='ltr'>ὥστε</span> <span class='ocrx_word' id='word_1_273' title='bbox 510 2608 520 2626; x_wconf 79' lang='grc'>,</span> <span class='ocrx_word' id='word_1_274' title='bbox 552 2584 732 2618; x_wconf 78' lang='lat' dir='ltr'>notante</span> <span class='ocrx_word' id='word_1_275' title='bbox 752 2576 972 2619; x_wconf 84' lang='lat' dir='ltr'>Schaefer.</span> <span class='ocrx_word' id='word_1_276' title='bbox 995 2577 1046 2617; x_wconf 83' lang='lat' dir='ltr'>ad</span> <span class='ocrx_word' id='word_1_277' title='bbox 1067 2575 1272 2633; x_wconf 81' lang='lat' dir='ltr'>Sophoel.</span> <span class='ocrx_word' id='word_1_278' title='bbox 1297 2573 1462 2630; x_wconf 82' lang='lat' dir='ltr'>Oedip.</span> 
     </span>
     <span class='ocr_line' id='line_1_36' title="bbox 80 2639 1461 2703; baseline 0 -22"><span class='ocrx_word' id='word_1_279' title='bbox 80 2639 237 2683; x_wconf 88' lang='lat' dir='ltr'>Colon.</span> <span class='ocrx_word' id='word_1_280' title='bbox 264 2657 303 2684; x_wconf 85' lang='lat' dir='ltr'>v.</span> <span class='ocrx_word' id='word_1_281' title='bbox 332 2642 450 2685; x_wconf 81' lang='lat'>1550.</span> <span class='ocrx_word' id='word_1_282' title='bbox 482 2645 684 2686; x_wconf 80' lang='lat' dir='ltr'>Ton1.11.</span> <span class='ocrx_word' id='word_1_283' title='bbox 717 2660 816 2703; x_wconf 85' lang='lat' dir='ltr'>pag.</span> <span class='ocrx_word' id='word_1_284' title='bbox 838 2646 934 2690; x_wconf 83' lang='lat'>524.</span> <span class='ocrx_word' id='word_1_285' title='bbox 960 2644 1183 2688; x_wconf 77' lang='lat' dir='ltr'>Matthiae</span> <span class='ocrx_word' id='word_1_286' title='bbox 1206 2644 1461 2686; x_wconf 75' lang='lat' dir='ltr'>Grammat.</span> 
     </span>
     <span class='ocr_line' id='line_1_37' title="bbox 81 2708 765 2771; baseline 0.007 -20"><span class='ocrx_word' id='word_1_287' title='bbox 81 2708 160 2752; x_wconf 85' lang='lat' dir='ltr'>Gr.</span> <span class='ocrx_word' id='word_1_288' title='bbox 185 2710 224 2765; x_wconf 79' lang='lat'>§.</span> <span class='ocrx_word' id='word_1_289' title='bbox 246 2709 341 2753; x_wconf 70' lang='lat'>551.</span> <span class='ocrx_word' id='word_1_290' title='bbox 361 2719 453 2757; x_wconf 89' lang='lat' dir='ltr'>not.</span> <span class='ocrx_word' id='word_1_291' title='bbox 478 2725 518 2755; x_wconf 87' lang='lat'>2.</span> <span class='ocrx_word' id='word_1_292' title='bbox 551 2728 651 2771; x_wconf 80' lang='lat' dir='ltr'>pag.</span> <span class='ocrx_word' id='word_1_293' title='bbox 669 2713 765 2771; x_wconf 76' lang='lat'>761.</span> 
     </span>
    </p>
   </div>
  </div>
 </body>
</html>
