1676 3045
882 469 936 513 V.

443 558 860 604 Lectiones
925 559 1373 608 Platonicae

873 650 925 672 ex

499 694 501 696 ’
549 706 712 750 Codice
748 706 966 750 Palatino
1004 706 1091 750 Nr.
1118 720 1208 765 129.
1230 712 1271 762 '‘)

287 884 323 928 J)
350 880 565 920 Chartaceo,
592 878 735 914 formae
753 888 919 931 quatern.
944 877 1127 913 foliorum
1150 887 1227 921 151.
1246 877 1380 921 seculi,
1407 891 1451 915 ut
1470 880 1576 916 vide·

332 938 410 970 tur,
441 927 526 962 XV.
550 925 741 960 literarum
774 925 1115 960 minutissimarum
1146 936 1182 959 et
1207 925 1403 960 hincinde
1422 927 1577 962 madore

327 982 605 1020 corruptarum.
664 974 842 1019 Longum
873 982 927 1007 cst
957 972 1001 1006 de
1033 971 1105 1006 hoc
1131 970 1232 1006 libro
1259 972 1397 1015 dicere,
1437 984 1477 1008 ut
1506 974 1574 1020 qui

327 1020 431 1055 varia
457 1031 502 1052 ex
528 1018 645 1054 variis
674 1017 921 1066 scriptoribus
946 1031 1052 1052 excer
1082 1029 1115 1052 ta
1133 1016 1241 1052 nullo
1262 1031 1415 1065 prorsus
1439 1019 1575 1054 ordine

329 1063 517 1101 exhibeat.
564 1067 659 1099 Sunt
678 1064 904 1107 adversaria,
933 1065 1033 1099 unde
1054 1032 1174 1098 liomo
1192 1063 1291 1099 haud
1313 1064 1490 1100 indoctus
1511 1078 1574 1100 ex-

329 1123 507 1161 promere
533 1111 686 1146 videtur
708 1110 896 1152 voluisse,
933 1111 1119 1158 quidquid
1141 1122 1213 1158 pro
1233 1123 1272 1145 re
1295 1116 1377 1145 nata
1398 1124 1510 1146 sunm
1533 1112 1574 1146 iu

328 1170 441 1194 usum
459 1156 574 1192 vellet
588 1167 827 1195 converte1·e;
862 1156 954 1191 hinc
971 1157 1059 1191 inde
1075 1157 1287 1193 locutiones
1305 1158 1574 1193 tantummodo

330 1218 378 1240 ex
410 1203 577 1252 probatis
609 1202 859 1251 scriptoribus
889 1213 1069 1238 enotatae.
1137 1203 1236 1240 Vide
1268 1217 1361 1251 quae
1395 1205 1573 1251 proxime

328 1249 494 1298 exempli
528 1252 635 1285 caus&
671 1263 717 1284 ex
746 1249 909 1284 Platonis
937 1250 1076 1299 Gorgia
1110 1249 1321 1298 posuimus.
1389 1251 1575 1298 Quocirca

329 1298 425 1333 alius
454 1296 524 1331 alia
553 1310 599 1331 ex
624 1309 667 1332 eo
698 1295 798 1331 libro
822 1308 994 1343 excerpet
1014 1296 1099 1332 sibi.
1154 1297 1236 1343 Ego
1255 1297 1482 1343 excerpenda
1503 1309 1574 1331 cu-

329 1344 411 1379 ravi
438 1342 528 1378 haec
552 1343 758 1390 fragmenta
779 1341 982 1377 Platonica.
1031 1345 1114 1390 Qua
1133 1341 1174 1376 in
1193 1355 1233 1376 re
1254 1354 1341 1377 usus
1357 1355 1441 1377 sum
1462 1344 1574 1391 oper&

330 1390 429 1425 Guil.
452 1392 661 1424 Frommelic'
683 1388 954 1432 Rastadiensis,
979 1390 1058 1436 qui,
1085 1387 1285 1424 Seminarii
1306 1389 1427 1423 nostri
1446 1388 1572 1437 philo-

327 1433 448 1471 lovici
474 1434 632 1478 sodalis,
668 1435 846 1483 posthac,
883 1436 943 1469 uti
966 1448 1094 1482 spero,
1132 1434 1176 1468 dc
1195 1434 1452 1483 Theopompo
1473 1446 1509 1470 et
1528 1436 1574 1470 de

329 1464 440 1518 Asslio
456 1481 624 1517 Aristide
651 1480 948 1528 promerebitur,
982 1494 1101 1529 nuper
1126 1490 1251 1514 autem
1276 1480 1396 1516 doctis
1425 1481 1575 1529 aliquot

328 1528 423 1562 viris
448 1527 597 1576 profuit
623 1528 868 1575 excerpendo.
926 1530 1009 1575 Ipse
1034 1525 1201 1574 adspersi
1228 1525 1402 1561 lectionis
1426 1527 1573 1575 aliquid

330 1572 665 1621 scholiorumquc,
712 1586 731 1607 e
761 1571 969 1608 codicibus
996 1571 1286 1609 Monacensibus
1314 1586 1355 1608 ac
1380 1575 1572 1608 Darmsta-

330 1620 436 1654 diuo.
492 1619 650 1654 Palatini
678 1630 800 1653 autem
826 1619 917 1654 libri
940 1620 1085 1668 farrago
1108 1631 1184 1666 quo
1203 1617 1330 1665 paullo
1349 1620 1572 1666 explicatius

328 1676 454 1715 pateat
478 1665 659 1701 eruditis:
695 1665 871 1711 adjiciam
899 1666 1077 1700 notitiam
1098 1664 1264 1710 ejusdem
1289 1667 1575 1713 Qvlburgianam

331 1726 351 1747 e
371 1710 552 1760 Catalogo
579 1709 767 1746 librorum
795 1712 1058 1759 manuscriptt.
1092 1712 1218 1746 Graec.
1244 1710 1432 1746 Biblioth.
1460 1711 1573 1745 Palar.

329 1759 394 1802 (in
432 1758 568 1805 Miegii
597 1756 859 1793 Monumentis
893 1758 1044 1803 pietatis
1079 1768 1116 1792 et
1144 1757 1283 1791 literar.
1323 1757 1494 1792 Francos.
1527 1757 1574 1791 ad.

328 1806 457 1839 Moen.
478 1805 593 1849 1702.)
620 1817 656 1851 p.
679 1810 723 1846 4ο
740 1817 833 1851 seq.‚
866 1802 1102 1852 interspersis
1119 1816 1186 1855 per
1206 1803 1365 1838 uncinos
1391 1803 1483 1837 meis
1507 1803 1574 1837 ali·

327 1861 425 1898 quot
449 1849 610 1884 notulis:
651 1875 674 1891 „
690 1860 765 1896 129.
794 1852 980 1897 Excerpta
1008 1864 1026 1884 e
1050 1850 1166 1884 variis
1189 1849 1428 1890 auctoribus,
1464 1849 1571 1884 nullo

323 1908 479 1944 prorsus
508 1895 649 1931 ordine.
687 1907 733 1928 ex
762 1895 960 1929 Herodoto
994 1894 1078 1941 (Ἐκ
1111 1895 1185 1929 τῶν
1215 1896 1283 1931 ’τοῦ
1308 1892 1487 1939 ἦροὸότου
1507 1894 1574 1931 τοῦ

325 1940 621 1987 άλικαρνησσῆος.
648 1941 791 1987 Incipit
809 1941 1064 1987 fragmentum
1081 1941 1126 1975 de
1143 1939 1338 1985 Babylone
1356 1950 1422 1973 etc.
1442 1943 1470 1974 1.
1493 1947 1571 1984 173.

326 1989 506 2034 Sequitur
537 1988 581 2021 de
609 1986 760 2033 Scythis
793 1999 838 2021 ex
866 1986 967 2022 libro
992 1997 1138 2034 quarto.
1187 1988 1404 2033 Sequuntur
1428 1986 1495 2021 alia
1527 1999 1572 2020 ex

325 2033 426 2068 libro
455 2033 613 2080 quinto:
658 2032 702 2067 de
736 2032 972 2082 Aristagora,
1009 2032 1223 2073 Clisthene,
1268 2032 1399 2066 Persis.
1479 2032 1572 2068 Sub-

325 2079 417 2114 inde
451 2078 686 2114 scholiorum
720 2078 865 2126 aliquid
900 2079 1118 2125 adspersum
1144 2077 1262 2113 literis
1293 2077 1472 2112 evanidis.
1531 2079 1572 2113 Si

329 2125 423 2173 quid
456 2124 518 2160 vel
548 2124 722 2160 lectionis
749 2122 811 2159 vel
843 2125 1096 2160 annotationis
1122 2124 1215 2158 utile
1241 2123 1437 2158 videatur:
1478 2124 1571 2170 adji-

326 2173 423 2207 ciam
459 2170 846 2206 commentationibus
877 2170 1152 2216 Herodoteis.)‚
1190 2170 1466 2218 Xenophonte,
1502 2172 1572 2205 Ae-

325 2216 452 2264 schyli
470 2216 707 2260 Prometheo,
739 2217 937 2264 Euripide,
963 2216 1198 2265 Theognide,
1225 2217 1400 2264 Diogene
1416 2217 1570 2252 Laertio

327 2274 365 2298 et
394 2264 475 2298 aliis
500 2262 759 2310 Sophistarum
787 2263 1054 2310 scriptoribus,
1099 2262 1298 2297 Plutarcho
1331 2263 1375 2297 de
1401 2262 1570 2298 oraculo·

325 2322 412 2344 rum
430 2309 595 2351 defectu,
622 2310 801 2355 SynesiO,
827 2309 997 2351 Philone,
1023 2307 1237 2350 Plutarcho,
1263 2308 1430 2357 Origene
1448 2309 1487 2342 in
1506 2311 1568 2344 Sa-

325 2354 492 2390 lomonis
509 2356 731 2403 proverbia,
761 2355 883 2398 Jobo,
917 2355 1104 2398 Libanio,
1130 2354 1321 2389 Plutarchi
1345 2354 1566 2396 moralibus,

323 2401 524 2442 Strabone,
550 2401 712 2436 Philone
739 2401 830 2446 (fol.
859 2412 946 2436 rect.
975 2402 1032 2444 56.
1064 2401 1103 2435 h.
1126 2400 1150 2434 1.
1184 2401 1228 2434 de
1249 2401 1339 2437 Vita
1370 2401 1490 2435 hlosis
1521 2414 1568 2435 ex

323 2446 424 2482 libro
451 2448 622 2494 primo),
663 2448 853 2489 Luciano‚
897 2448 1049 2489 Dione,
1086 2436 1331 2494 Thucyciide,
1369 2446 1567 2482 Herodoto

324 2493 417 2537 (fol.
436 2500 492 2536 54.
511 2503 599 2526 rect.
620 2493 752 2534 Varia,
784 2494 873 2528 inde
895 2507 914 2528 a
933 2493 1024 2528 libri
1038 2496 1066 2528 I.
1087 2494 1210 2540 capite
1227 2502 1259 2534 7.
1289 2493 1399 2527 etiam
1423 2505 1465 2526 ex
1483 2492 1566 2526 aliis

322 2537 445 2581 libris,
497 2539 606 2573 artim
626 2539 668 2573 in
691 2541 896 2587 marginem
921 2541 1105 2586 conjecta,
1135 2540 1202 2587 qui
1221 2539 1331 2572 etiam
1354 2539 1566 2573 notationes

319 2585 465 2622 chrono
484 2586 620 2634 ogicaS,
641 2587 975 2634 grammaticasque
993 2596 1028 2620 et
1049 2586 1195 2620 oracula
1215 2584 1355 2628 habet),
1369 2584 1561 2625 Diodoro,

320 2631 498 2678 (Plotino
529 2644 685 2679 ejusque
704 2632 795 2673 Vita
818 2646 837 2668 a
852 2631 1070 2681 Porphyrio
1100 2632 1336 2680 conscripta,
1372 2630 1439 2667 fol.
1459 2637 1516 2675 [μ.
1537 2630 1563 2665 d.
