1743 3037
1394 228 1452 264 tx

124 339 288 384 tamen,
319 337 372 372 ut
398 327 584 372 subinde
612 325 938 385 inspergerem,
969 324 1090 383 quod
1118 337 1177 369 ex
1203 325 1296 371 aliis
1324 328 1452 374 libris

120 409 295 467 scriptis
326 409 511 451 ductum
545 422 571 449 a
598 422 673 450 me
702 406 770 449 his
797 406 902 464 ipsis
941 404 1212 448 membranis
1239 408 1453 465 prodesse

117 488 256 544 inque
278 488 515 531 doctorum
533 486 771 531 hominum
792 484 997 529 notitiam
1031 487 1337 530 commendari
1366 487 1449 530 uti-

114 567 219 611 liter
238 568 469 610 videretur
495 581 636 624 posse.

228 647 280 690 In
301 662 387 704 quo
407 644 612 688 bifariam
631 643 904 688 admonendi
934 651 1039 686 sunt
1066 643 1227 686 eruditi
1243 644 1444 689 lectores.

112 725 321 769 Primum
341 734 415 780 ut,
447 725 567 782 quod
587 724 681 767 aliis
700 724 749 766 in
766 724 902 766 rebus
928 724 1071 766 multo
1089 725 1444 781 jucundioribus,

114 804 297 847 nemine
327 803 606 859 refragante,
635 803 786 845 locum
815 803 980 846 habere
1007 804 1138 845 solet:
1185 803 1331 847 Τιἀἢί
1357 800 1445 847 διαί

113 898 329 941 quemque
349 882 602 940 voluptate:
633 881 831 936 ejusdem
859 881 963 923 dicti
982 882 1173 935 veniam,
1204 882 1252 924 in
1279 883 1440 936 haere,

108 961 269 1005 laboris
301 961 524 1015 taediique
540 959 697 1018 plena,
737 959 997 1017 impertiant
1029 959 1156 1003 mihi.
1213 960 1441 1005 Nimirum

107 1041 226 1082 utin
247 1039 484 1082 tractandis
505 1038 732 1080 codicibus
763 1054 864 1080 meo
896 1054 969 1080 me
1000 1039 1280 1096 potissimum
1309 1039 1441 1096 genio

106 1119 206 1161 duci
227 1118 373 1175 patiar
382 1135 395 1171 3
426 1133 572 1174 neque
596 1117 823 1159 mirentur
853 1117 900 1160 in
922 1117 1093 1160 duobus
1126 1133 1200 1160 me
1221 1117 1441 1175 imprimis

108 1197 332 1240 codicibus
356 1211 449 1239 esse
468 1204 713 1250 versatum,
743 1196 936 1252 indeque
962 1196 1027 1239 nil
1055 1196 1148 1238 fere
1165 1197 1251 1239 nisi
1267 1198 1438 1256 mytho-

102 1275 345 1335 logumena,
373 1276 668 1334 depromsisse.
698 1283 741 1317 et
771 1289 883 1331 quae
923 1275 977 1317 ad
1009 1290 1160 1318 rerum
1199 1277 1439 1334 scriptores

100 1355 477 1414 philosophosqzae
494 1355 763 1412 pertineant,
795 1369 947 1410 eaque,
979 1370 1067 1411 quo
1099 1355 1305 1398 studiosis
1332 1356 1438 1397 lite-

102 1449 262 1477 rarum
291 1433 581 1487 inservirem,
638 1433 849 1476 uberiore
884 1433 1106 1488 aliquanto
1147 1432 1435 1476 annotatione.

101 1512 371 1555 instruxisse.
430 1514 525 1569 Ego
554 1512 751 1557 vicissim
780 1512 951 1554 nemini
981 1512 1217 1566 invidebo,
1254 1512 1290 1556 si
1319 1512 1432 1569 quis,

98 1592 195 1635 aliis
221 1592 355 1634 rebus
393 1592 613 1642 intentus,
671 1607 730 1634 ex
778 1592 934 1634 eodem
977 1607 1146 1650 penore
1209 1592 1429 1635 libroruin

103 1672 515 1728 manuscriptorum
545 1672 619 1712 vel
646 1671 893 1713 illustriora
930 1671 1172 1729 protulerit
1206 1670 1253 1714 in
1283 1671 1431 1713 lucem

101 1749 372 1794 Germaniae
393 1750 461 1791 vel
480 1749 686 1791 uberiora
704 1749 851 1791 etium.

207 1828 382 1871 Deinde
404 1828 522 1883 quod
542 1843 647 1869 vere
666 1843 784 1869 novo
806 1828 954 1870 facere
975 1828 1184 1881 solemus,
1204 1828 1289 1870 hoc
1308 1827 1427 1871 idem

98 1906 361 1953 faciundum
382 1906 496 1948 mihi
514 1914 590 1947 est.
650 1907 831 1950 Etenim
860 1922 947 1963 quo
980 1914 1188 1964 tempore
1211 1906 1426 1950 hibernus

94 1987 218 2044 rigor
246 1985 442 2028 vixdum
478 1985 720 2041 relanguit,
770 1994 981 2042 terraque
1019 1986 1233 2028 diuturno
1259 1986 1425 2041 frigore

95 2065 307 2109 adstricta
336 2064 469 2106 flores
493 2065 713 2122 plurimos
743 2065 999 2108 etiamnunc
1027 2072 1276 2108 occaecatos
1306 2064 1423 2106 cohi·

96 2145 195 2187 bct:
227 2151 334 2186 tunc
352 2143 532 2199 quidem
551 2152 595 2185 et
613 2143 736 2186 bellis
764 2145 910 2201 placet
935 2159 985 2186 ac
1010 2144 1154 2186 tenuis
1177 2144 1294 2186 viola
1318 2158 1423 2185 cum

95 2224 221 2268 lenta
240 2238 482 2265 anemone:
514 2236 660 2278 neque
685 2222 897 2264 continuo
928 2224 1061 2280 plena
1087 2223 1255 2266 rosaria
1280 2238 1422 2279 expe-

95 2303 256 2355 timus,
305 2316 450 2358 neque
478 2301 620 2344 densis
643 2301 787 2343 lilietis
813 2301 1096 2344 inambulare
1135 2302 1422 2359 discupimus,

94 2390 139 2424 et
157 2381 437 2436 reliquorum
469 2379 602 2422 etiam
627 2380 792 2422 florum
822 2382 958 2423 odore
979 2381 1187 2433 recreari,
1220 2379 1294 2437 qui
1314 2380 1422 2438 tepi-

93 2459 231 2502 dioris
265 2473 400 2501 aurae
434 2466 552 2501 sunt.
642 2458 715 2501 Sic
756 2457 974 2503 nimirum
1014 2467 1058 2502 et
1097 2473 1201 2515 ego,
1259 2460 1306 2502 in
1337 2458 1422 2499 hoc

94 2538 269 2583 novello
297 2536 534 2595 florilegio,
578 2539 801 2581 bonarum
834 2539 998 2581 artium
1035 2555 1128 2582 non
1156 2538 1238 2580 nisi
1269 2537 1422 2595 primi·

95 2619 176 2660 tias
205 2616 372 2659 offero:
413 2617 617 2660 uberiora
635 2650 647 2670 ,
693 2617 758 2658 uti
786 2618 968 2673 quidem
999 2633 1153 2674 spero,
1195 2617 1426 2659 oblaturus

91 2696 220 2753 alias,
286 2711 344 2739 cx
372 2696 654 2741 uberioribus
691 2696 840 2755 copiis.
929 2696 1067 2757 Quod
1094 2696 1319 2754 reliquum
1349 2702 1425 2747 est.
