1676 3045
77 940 314 1017 Primum
332 976 368 1018 si
390 978 490 1033 quis
508 975 686 1034 juvenis
706 975 753 1018 in
773 974 1004 1033 publicum
1025 970 1206 1031 prodire
1224 979 1358 1025 atque
1379 969 1464 1011 do-

79 1043 157 1086 ctis
189 1059 340 1086 coram
368 1043 533 1086 virium
555 1046 776 1100 specimen
807 1044 937 1086 edere
964 1041 1271 1098 qualecunque
1291 1040 1466 1090 audeat,

76 1112 307 1154 neminem
337 1111 494 1153 mirari
530 1111 749 1161 arbitror,
787 1113 826 1151 si
856 1118 1010 1171 aperte
1041 1118 1084 1151 et
1109 1111 1303 1166 ingenue
1323 1106 1469 1164 profi-

78 1189 225 1222 teatur
239 1213 251 1233 ,
290 1180 540 1221 subrustico
561 1194 656 1220 sese
677 1178 874 1234 quodam
898 1180 1068 1235 pudore
1091 1177 1234 1220 teneri
1257 1176 1468 1228 veritum,

76 1264 135 1290 ne
165 1264 316 1299 causa,
347 1262 485 1301 quam
516 1247 734 1301 agendam
762 1245 1037 1303 susceperit,
1074 1245 1211 1287 cadat.
1288 1244 1469 1287 Etenim

75 1315 434 1371 frequentissima
471 1330 638 1356 corona
667 1314 888 1365 cinctum,
947 1321 1051 1355 ante
1096 1312 1469 1368 gravissimorum

75 1384 276 1440 judicum
298 1399 574 1434 consessum,
607 1391 650 1424 et
669 1398 725 1424 ne
746 1383 893 1425 solum
914 1380 1121 1437 quidem,
1150 1379 1225 1421 sed
1245 1380 1292 1421 in
1312 1392 1474 1424 eornm

77 1452 315 1505 comitatu,
346 1467 539 1507 quorum
559 1450 790 1508 splendida
809 1452 892 1492 lux
912 1450 1124 1492 facillime
1142 1455 1343 1491 nostram
1368 1448 1472 1503 glo-

78 1520 237 1562 riolam
259 1520 515 1577 exstinguat
534 1542 590 1554 ·—
611 1533 794 1574 ecquem
815 1518 1047 1561 hominem
1068 1531 1238 1558 novum
1262 1524 1351 1558 tam
1372 1515 1473 1558 sor-

72 1597 165 1630 tem
199 1589 371 1639 vidisti,
412 1589 521 1646 quin
546 1586 704 1630 timide
734 1587 885 1628 oculos
905 1587 1052 1637 tollat,
1084 1584 1275 1627 strictim
1301 1584 1469 1639 adspe-

74 1665 228 1698 cturus
250 1665 315 1699 tot
331 1666 424 1698 tam
448 1657 676 1713 praeclara
696 1654 914 1697 nomina?
944 1655 1059 1696 Utut
1082 1653 1163 1705 sit3
1193 1667 1264 1694 me
1287 1652 1472 1707 quidem.

74 1733 194 1767 certe
223 1741 459 1782 nunquam
488 1724 732 1782 poenitebit
764 1722 992 1781 profiteri,
1031 1722 1150 1764 hanc
1180 1735 1327 1763 meam
1360 1734 1473 1760 cau-

72 1809 167 1836 sam
203 1810 320 1845 esse,
380 1808 544 1850 meque
584 1792 717 1835 nimis
756 1790 1063 1833 verecundum
1103 1804 1240 1847 quam
1277 1789 1475 1844 turpiter

78 1869 404 1903 tumescentem
437 1861 589 1903 haberi
619 1860 767 1903 malle.
827 1861 923 1902 Iam
958 1873 1094 1907 vero,
1147 1873 1204 1900 ne
1239 1856 1475 1898 verbosior

75 1930 123 1971 in
141 1929 371 1987 prooemio
395 1929 695 1986 deprehensus
716 1943 785 1970 eas
806 1943 972 1986 poenas
992 1927 1180 1981 solvam,
1213 1941 1320 1982 quas
1350 1924 1474 1982 apud

74 1997 275 2039 Graecos
300 1998 553 2053 dependere
584 1999 656 2039 lex
684 2004 802 2050 erat,
843 2004 1040 2039 vestram
1070 2004 1177 2038 ante
1208 1994 1476 2051 patientiam.

73 2065 419 2121 benivolumque
438 2066 640 2107 animum
664 2064 915 2122 deprecati,
946 2066 1206 2108 accedamus
1238 2062 1293 2104 ad
1322 2061 1474 2118 ipsum

73 2145 281 2176 nostrum
303 2134 611 2192 propositum.
680 2134 828 2189 Atque
868 2132 915 2174 in
955 2148 1007 2175 eo
1049 2135 1244 2176 miretur
1287 2131 1476 2174 fortasse

76 2202 299 2259 quispiam
314 2235 325 2253 ‚
357 2217 436 2244 cur
456 2217 511 2243 ex
532 2210 600 2244 tot
621 2200 1171 2260 Theopompi11is3scriptis
1192 2202 1308 2242 hanc
1330 2199 1477 2258 potis-

77 2270 244 2312 simum
269 2271 495 2328 epitomen
516 2271 745 2326 elegerim,
775 2269 854 2311 ubi
875 2270 1047 2326 pericu]
1057 2285 1132 2312 um
1153 2267 1329 2319 faciam,
1366 2282 1475 2309 cum

75 2337 222 2378 multo
248 2339 416 2392 majora
434 2352 574 2393 eaque
593 2337 915 2395 praestantiora
933 2346 1176 2390 restarent,
1217 2345 1270 2379 ut
1301 2336 1478 2391 Philip-

77 2404 226 2461 picae,
260 2405 515 2448 Hellenicae
540 2405 748 2448 historiae
779 2413 823 2447 et
843 2420 958 2461 quae
989 2406 1193 2448 omnium
1225 2421 1300 2448 ore
1321 2406 1478 2446 seran-

76 2479 179 2524 tur,
210 2473 304 2527 ejus
326 2474 561 2529 θαυμάσια,
592 2474 833 2531 σύγγραμμα
852 2478 947 2532 περὶ
972 2477 1049 2519 τεῒν
1079 2478 1123 2519 ἔκ
1141 2476 1317 2529 Λελᾳῶν
1345 2479 1475 2522 συλη-

74 2543 254 2593 θέντων,
296 2542 414 2586 alia?
463 2544 565 2586 Non
585 2544 687 2585 satis
712 2544 844 2601 digna
869 2558 960 2586 esse
987 2543 1200 2596 0jusr2m1?
1227 2554 1475 2596 augumen-

78 2617 148 2662 ta,
178 2609 225 2652 in
247 2611 434 2667 quibus,
465 2621 514 2654 ut
535 2613 583 2654 in
602 2611 794 2655 exilibus
817 2619 861 2653 et
879 2612 1063 2667 jejunis,
1093 2613 1289 2654 muitum
1311 2621 1473 2664 operae

79 2687 301 2735 ponatur3
335 2680 502 2723 etenim
524 2679 648 2722 istius
672 2681 883 2739 epitomw.
913 2679 1083 2723 summisi
1107 2678 1226 2737 apud
1247 2689 1476 2732 gramma-

78 2745 217 2799 ticos,
248 2747 466 2799 suidam,
501 2749 803 2806 Hesychium,.
838 2752 1086 2792 mammae
1113 2747 1477 2800 Saugermanen-

83 2829 204 2870 sem,
236 2817 411 2873 vestigii
431 2818 675 2875 quidquam
697 2833 951 2876 superesse,
983 2826 1101 2860 etue
1125 2813 1242 2872 apud
1273 2828 1348 2854 eos
1376 2810 1478 2865 qni-
